3534 5361
1797 377 1914 435 162

666 556 850 620 regnis,
887 565 1019 607 terre
1057 568 1230 608 sancte
1266 559 1494 609 subsidio
1533 560 1776 623 deputate
1811 559 2031 609 salutem
2055 561 2145 610 stc.
2214 560 2296 610 De
2321 568 2459 611 statu
2485 562 2677 611 decime
2704 569 2835 611 terre
2856 570 3039 621 sancte,

666 643 809 691 cuius
845 641 1206 692 collectionem
1241 642 1402 693 felicis
1438 644 1807 693 reeordationis
1843 643 2095 693 Martinus
2149 660 2285 709 papa
2338 646 2443 708 .iiij.
2495 648 2824 710 predecessor
2875 657 3043 696 noster

664 727 939 776 venerabili
976 725 1120 776 fratri
1160 737 1335 777 nostro
1373 764 1384 776 .
1424 763 1435 775 .
1472 727 1737 777 Arusiensi
1775 729 2019 794 episeopo
2055 731 2107 778 in
2142 730 2299 779 Datie
2352 739 2403 779 et
2454 730 2625 781 Suetie
2678 730 2846 792 regnis
2900 733 3042 780 duxit

663 826 754 873 per
788 827 907 861 suas
943 812 1037 860 sub
1073 820 1210 861 certa
1248 811 1414 860 forma
1447 812 1645 862 litteras
1679 822 1836 876 prout
1871 814 2159 874 accepimns
2196 815 2629 874 committendam,
2676 815 2905 865 volentes
2956 832 3041 874 per

664 905 749 945 tue
785 897 1140 946 sollicitudinis
1178 897 1419 956 studium,
1457 897 1811 947 certitudinem
1846 899 2032 947 habere
2069 899 2365 959 plenariam,
2395 915 2459 948 ne
2494 900 2847 949 collectionem
2884 901 3038 963 ipsam

664 982 932 1045 contingat
966 982 1018 1030 in
1054 981 1155 1029 illis
1192 982 1422 1045 partibus
1458 982 1652 1045 negligi
1688 983 1773 1032 uel
1807 983 1972 1032 omitti
2025 999 2086 1032 ac
2139 985 2355 1033 eundem
2407 984 2705 1048 episcopum
2756 986 2822 1034 ab
2873 986 3038 1034 huius-

662 1067 799 1114 modi
836 1065 1016 1114 laboro
1052 1066 1324 1129 quiescere,
1363 1074 1412 1114 te
1448 1065 1542 1129 ipsi
1580 1068 1821 1130 episcopo
1857 1068 1907 1117 in
1945 1068 2235 1117 huiusmodi
2262 1069 2580 1118 collectionis
2605 1068 2776 1119 officio
2802 1070 3039 1131 subroga-

660 1166 790 1209 mus,
828 1150 1121 1200 discretioni
1160 1159 1263 1210 tue,
1301 1151 1364 1199 dc
1400 1166 1499 1213 qna
1534 1151 1737 1214 plenam
1775 1152 1826 1201 in
1863 1154 2067 1202 domino
2102 1153 2341 1202 fiduciam
2376 1156 2613 1216 gerimus,
2638 1169 2730 1218 per
2758 1154 3039 1218 apostolica

661 1235 852 1298 scripta
887 1236 1206 1295 mandantes,
1243 1244 1490 1297 quatenus
1528 1235 1592 1283 ad
1629 1244 1799 1299 partes
1835 1237 1951 1286 illas
1988 1253 2141 1301 quam
2176 1239 2279 1287 cito
2316 1239 2529 1287 comode
2582 1238 2771 1303 poteris
2826 1246 2876 1286 te
2933 1253 3039 1302 per-

660 1320 907 1369 sonaliter
941 1320 1222 1381 conferens,
1258 1326 1311 1369 et
1343 1320 1491 1370 iuxta
1526 1327 1752 1370 tenorem
1789 1322 2074 1371 litterarum
2109 1321 2507 1386 apostolicarum
2533 1339 2625 1388 pro
2649 1324 2807 1388 ipsius
2835 1325 3037 1385 negotio

660 1404 852 1454 decime
890 1405 1027 1454 dicto
1064 1406 1302 1468 episcopo
1340 1405 1644 1454 directarum
1679 1407 1976 1470 procedens,
2012 1414 2117 1454 tam
2143 1407 2208 1454 ab
2233 1408 2414 1456 eodem
2438 1406 2696 1471 episcop0‚
2717 1424 2868 1471 quam
2888 1409 3037 1457 etiam

659 1489 723 1537 ab
760 1488 893 1551 alijs,
928 1490 994 1537 ad
1030 1490 1371 1553 colligendam
1404 1491 1457 1539 in
1492 1488 1730 1553 predictis
1766 1490 1939 1553 regnis
1975 1490 2227 1555 prefatam
2263 1492 2515 1541 decimam
2546 1492 2817 1555 deputatis,
2852 1503 2942 1542 ant
2977 1494 3039 1541 ab

658 1574 774 1636 alijs
812 1574 1190 1638 quibuscunque
1225 1575 1381 1638 ipsius
1417 1574 1760 1623 detentoribus
1799 1575 2010 1636 decime,
2047 1576 2109 1623 de
2144 1575 2234 1624 illa
2269 1576 2510 1625 uidelicet
2545 1590 2641 1639 que
2694 1577 2939 1627 hactenus
2975 1579 3037 1626 nd

658 1659 886 1723 ipsorum
921 1675 1099 1709 manus
1135 1659 1751 1730 peruenissedinoscitur,
1789 1661 1992 1723 plenam
2027 1667 2080 1709 et
2114 1660 2412 1722 diligentem
2450 1661 2629 1724 exigas
2678 1662 2944 1723 rationem,
2980 1677 3038 1711 ae

657 1744 897 1792 uniuersa
931 1759 1027 1807 que
1062 1745 1170 1794 siue
1207 1759 1297 1808 per
1330 1745 1547 1793 eundem
1583 1744 1878 1809 episcopum
1915 1752 2004 1794 aut
2038 1760 2128 1810 per
2171 1760 2497 1809 quoscunque
2550 1744 2679 1795 alios
2738 1746 3037 1795 collectores

659 1829 929 1893 deputatos
966 1830 1030 1879 ab
1066 1830 1197 1893 ips0,
1234 1829 1466 1888 collecta,
1503 1843 1594 1877 seu
1629 1835 1835 1893 recepta
1870 1830 1954 1879 uel
1990 1831 2223 1894 deposita
2259 1845 2369 1879 esse
2421 1839 2718 1890 noscuntur,
2755 1846 2954 1881 necnon
2989 1840 3038 1881 et

658 1916 829 1963 omnia
865 1915 1069 1979 scripta,
1102 1914 1316 1973 litteraS,
1352 1920 1403 1963 et
1437 1913 1789 1974 instrumenta,
1827 1915 1888 1963 de
1925 1914 2232 1964 collectione
2268 1923 2320 1963 et
2353 1915 2663 1979 receptione,
2698 1931 2760 1965 ac
2796 1917 3038 1980 depositis

656 1997 779 2061 ipsis
817 1997 1067 2059 confecta,
1104 2013 1260 2063 penes
1280 1998 1490 2047 {lictum
1526 1997 1821 2062 episcopum
1859 2014 1948 2047 seu
1985 2013 2282 2062 quecunque
2319 1998 2561 2062 capitula,
2600 2000 2820 2064 collegia
2854 2009 2907 2051 et
2931 2017 3039 2065 per-

656 2098 809 2132 sonas
846 2084 1099 2147 quaslibet
1131 2083 1434 2142 habeantur,
1471 2097 1532 2132 ac
1568 2084 1720 2132 etiam
1758 2097 1856 2145 que
1892 2082 2141 2133 soluenda
2175 2092 2370 2133 restant
2415 2084 2478 2132 dc
2526 2084 2723 2134 decima
2773 2087 3038 2149 prelibata,

657 2175 708 2216 et
740 2168 803 2217 de
837 2167 1037 2231 legatis,
1076 2168 1487 2228 obnentionibuS,
1524 2175 1576 2218 et
1610 2166 1727 2230 alijs
1764 2167 2146 2231 quibuscunque
2182 2169 2419 2219 iamdiete
2456 2178 2587 2219 terre
2622 2178 2797 2218 sancte
2823 2172 3039 2219 subuen-

655 2251 783 2301 tioni
819 2254 1089 2313 concessis,
1125 2252 1175 2301 in
1211 2252 1449 2314 predictis
1485 2253 1655 2315 regnis
1692 2252 1982 2301 huiusmodi
2018 2253 2340 2303 subuentioni
2374 2253 2583 2314 relictis,
2622 2254 2828 2317 exigere
2865 2270 2954 2318 per
2987 2264 3037 2305 te

655 2336 738 2386 uel
772 2351 865 2402 per
899 2337 1058 2386 alium
1094 2352 1184 2387 seu
1218 2337 1362 2397 alios,
1381 2352 1442 2386 ac
1478 2339 1632 2387 etiam
1667 2338 1889 2399 recipere
1925 2340 2234 2387 auctoritate
2254 2345 2450 2399 nostra,
2470 2337 2618 2401 lapsu
2656 2341 2898 2402 temporis
2934 2355 3037 2389 non

655 2421 910 2483 obstante,
945 2422 1147 2471 nomine
1184 2429 1315 2471 terre
1349 2430 1525 2472 sancte
1561 2428 1843 2472 memorate
1876 2436 2135 2486 procures,
2172 2433 2278 2471 tam
2310 2421 2568 2487 predictos
2606 2422 2916 2488 episcopum,
2952 2425 3035 2473 de-

653 2512 861 2570 putatos
897 2512 950 2555 et
984 2507 1272 2557 detentores
1309 2507 1374 2555 ad
1410 2507 1721 2556 reddendam
1757 2506 1849 2555 tibi
1885 2508 2134 2556 rationem
2171 2513 2223 2555 et
2269 2507 2611 2556 exhibendam
2665 2508 2862 2572 integre
2913 2525 3033 2574 pre-

654 2591 793 2640 dicto
828 2590 1032 2641 nomine
1067 2591 1333 2652 decimam,
1372 2606 1468 2654 que
1503 2592 1571 2640 ad
1604 2606 1788 2641 manus
1822 2592 2051 2656 ipsorum
2085 2591 2332 2654 peruenit,
2368 2606 2521 2654 quam
2573 2591 2729 2642 etiam
2782 2594 3033 2657 quoslibet

655 2676 865 2738 decime,
899 2675 1201 2740 legatorum,
1237 2676 1601 2727 obuentionnm
1635 2685 1687 2725 et
1721 2675 1940 2727 aliorum
1972 2677 2316 2743 predictorum
2339 2676 2596 2726 debitores
2622 2686 2673 2727 et
2698 2678 3032 2743 depositarios

653 2762 719 2810 ad
754 2761 958 2825 plenam
993 2761 1303 2813 solutionem
1339 2779 1515 2812 eorum
1562 2763 1904 2825 prestandam,
1956 2763 2183 2827 predicta
2241 2777 2440 2826 quoque
2497 2762 2742 2826 capitula,
2797 2765 3033 2828 collegia,

651 2860 897 2910 personas
934 2856 986 2897 et
1020 2849 1316 2912 episcopum
1351 2849 1418 2898 ad
1453 2849 1677 2897 dandum
1714 2856 1767 2898 et
1802 2848 2165 2910 assignandum
2201 2847 2292 2896 tibi
2329 2846 2533 2912 scripta,
2557 2846 2754 2896 litteras
2775 2856 2827 2897 et
2849 2849 3032 2898 instru-

652 2939 826 2981 menta
861 2930 1076 2995 prefata,
1111 2947 1201 2997 per
1236 2934 1797 2995 excommunicationiS,
1851 2932 2191 2997 suspensionis
2244 2938 2297 2980 et
2346 2932 2602 2981 interdicti
2655 2934 2945 2994 sententiaS,
2982 2943 3035 2983 et

651 3014 781 3064 alias
817 3015 974 3065 etiam
1005 3026 1159 3081 prout
1194 3020 1510 3068 contumatia
1554 3033 1731 3068 eorum
1779 3018 2008 3080 exegerit
2052 3025 2104 3067 et
2155 3016 2394 3081 expedire
2445 3017 2650 3078 uideris,
2685 3018 3031 3081 appellatione

651 3100 954 3165 postposita,
974 3102 1348 3167 compellend0‚
1383 3103 1627 3153 inuocato
1663 3104 1728 3152 ad
1763 3103 1865 3152 hoc
1901 3103 1942 3152 si
1971 3117 2100 3166 opus
2136 3100 2290 3152 fuerit
2324 3101 2521 3150 auxilio
2556 3102 2749 3163 brachij
2773 3102 3031 3164 seculariS‚

654 3191 706 3233 et
736 3185 1097 3237 nichilominus
1133 3189 1430 3252 episcopum
1465 3196 1518 3238 et
1551 3188 1682 3238 alios
1718 3189 2037 3253 supradictos
2074 3187 2116 3236 si
2150 3184 2283 3235 forte
2319 3186 2409 3234 tibi
2446 3185 2737 3235 huiusmodi
2783 3187 3033 3236 rationem

651 3270 862 3320 reddere
898 3278 988 3321 aut
1023 3273 1272 3322 decimam
1307 3280 1360 3322 et
1392 3273 1746 3333 instrumenta,
1784 3273 1974 3336 scripta
2013 3281 2065 3320 et
2097 3271 2294 3320 litteras
2331 3271 2573 3319 exhibere
2607 3270 2691 3320 uel
2726 3270 3032 3320 satisfactio-

652 3369 766 3403 nem
800 3363 1030 3419 prestare
1063 3356 1198 3407 infra
1233 3365 1601 3421 competentem
1638 3374 1670 3408 a
1706 3367 1756 3408 te
1791 3357 2141 3422 prefigendum
2170 3355 2361 3405 eisdem
2381 3355 2652 3404 terminum
2669 3370 2772 3404 non
2791 3355 3031 3413 curarint,

649 3439 789 3503 ipsos
825 3454 891 3489 ex
926 3449 1071 3506 parte
1106 3450 1284 3492 nostra
1320 3443 1656 3506 peremptorie
1693 3442 1851 3491 citare
1886 3455 2143 3506 procureS,
2180 3447 2238 3488 ut
2270 3439 2403 3489 infra
2435 3441 2590 3489 trium
2633 3440 2880 3488 mensium
2918 3455 3032 3504 spa·

650 3524 776 3574 tium
811 3532 930 3588 post
964 3526 1261 3576 citationem
1298 3532 1438 3576 tuam
1473 3542 1565 3591 per
1610 3541 1664 3574 se
1717 3526 1803 3576 uel
1854 3542 1944 3591 per
1995 3533 2354 3590 procuratores
2411 3526 2644 3588 ydoneos
2705 3533 3034 3588 compareant

650 3623 822 3659 coram
855 3611 1022 3672 nobiS,
1059 3611 1248 3661 nostris
1285 3626 1437 3675 super
1471 3611 1571 3660 hoc
1607 3611 1863 3659 mandatis
1900 3618 1951 3660 et
1984 3610 2317 3674 beneplacitis
2362 3610 2590 3674 parituri,
2634 3623 2694 3657 ac
2743 3607 2928 3658 facturi
2980 3618 3033 3658 et

649 3696 902 3757 recepturi
937 3697 1073 3758 quod
1106 3694 1301 3760 iustitia
1336 3697 1586 3755 suadebit,
1625 3696 1758 3744 diem
1808 3710 1930 3744 uero
1984 3695 2243 3744 citationis
2302 3703 2355 3744 et
2411 3694 2627 3744 formam
2689 3703 2741 3743 et
2798 3693 3030 3757 quicquid

649 3793 802 3842 super
838 3780 934 3828 hoc
970 3779 1166 3840 feceris,
1191 3778 1337 3828 nobis
1374 3796 1466 3843 per
1499 3789 1613 3830 tuas
1649 3779 1846 3829 litteras
1883 3780 2064 3829 harum
2100 3779 2280 3828 seriem
2316 3779 2634 3828 continentes
2670 3779 2877 3828 studeas
2912 3779 3032 3826 fide-

648 3862 766 3912 liter
797 3863 1049 3914 intimare.
1118 3863 1246 3912 Illos
1283 3873 1472 3925 autem,
1510 3865 1594 3929 qui
1629 3876 1837 3928 propter
1871 3865 2086 3929 eandem
2124 3865 2372 3913 decimam
2405 3862 2547 3913 nullo
2583 3864 2736 3913 modo
2762 3863 2847 3912 uel
2872 3864 3031 3911 seien-

647 3953 727 3996 ter
760 3962 866 3996 non
898 3949 1095 4012 integre
1130 3963 1220 3998 seu
1256 3951 1308 3997 in
1344 3950 1549 3999 statutis
1588 3949 1816 3998 terminis
1851 3964 1955 3998 non
1990 3948 2209 3998 solutam
2246 3956 2337 3997 aut
2370 3955 2579 4012 propter
2613 3947 2844 3998 fraudem
2897 3949 3032 3996 circa

647 4031 803 4095 ipsius
839 4034 1032 4083 decime
1067 4034 1373 4083 solutionem
1409 4033 1705 4095 adhibitam,
1742 4034 1826 4083 uel
1861 4033 1987 4082 alias
2025 4040 2233 4097 propter
2280 4033 2693 4097 impedimentum
2746 4032 3029 4097 prestitum,

648 4132 748 4179 quo
784 4119 949 4166 minus
983 4119 1214 4181 predicta
1249 4119 1446 4168 decima
1482 4119 1781 4179 solueretur,
1818 4118 1946 4167 alios
1996 4133 2196 4181 quoque
2250 4119 2333 4180 qui
2392 4133 2485 4182 pro
2544 4133 2603 4167 eo
2656 4120 2794 4181 quod
2843 4118 3031 4181 legata,

647 4201 979 4252 obuentiones
1017 4211 1068 4253 et
1101 4204 1205 4253 alia
1240 4206 1533 4267 supradicta
1568 4204 1775 4253 minime
1810 4201 2186 4266 persoluerunt,
2223 4203 2358 4252 latas
2394 4203 2503 4252 siue
2555 4218 2646 4265 per
2689 4203 3031 4266 Lugdunense

647 4287 937 4347 concilium,
975 4295 1065 4338 aut
1097 4288 1225 4338 alias
1262 4288 1314 4337 in
1349 4289 1481 4338 tales
1517 4286 2111 4338 excommunicationum
2148 4288 2426 4337 sententias
2448 4287 2721 4338 incurrisse
2738 4296 3030 4348 noscuntur,

645 4379 763 4435 post
795 4372 1047 4436 integram
1083 4374 1408 4435 solutionem,
1443 4382 1497 4423 et
1531 4372 1936 4423 satisfactionem
1971 4371 2255 4436 plenariam
2290 4387 2382 4436 pro
2420 4372 2645 4422 subsidio
2698 4381 2831 4421 terre
2880 4373 3030 4436 preli-

645 4455 765 4505 bate
800 4456 1072 4520 impensas,
1109 4459 1175 4507 ab
1211 4458 1505 4509 huiusmodi
1542 4457 2131 4507 excommunicationum
2176 4456 2439 4519 sentent-ijs
2486 4457 2756 4508 absoluere
2810 4459 3031 4518 studeaS,

648 4541 985 4606 dispensando
1020 4543 1378 4594 nichilominus
1420 4543 1763 4594 cnm'eisdem
1808 4555 1963 4605 super
2012 4541 2388 4604 irregularitate
2439 4557 2591 4604 quam
2651 4541 2723 4591 sic
2780 4543 2925 4605 ligati
2977 4542 3031 4590 in

646 4626 751 4676 suis
811 4626 1071 4678 ordinibus
1129 4629 1468 4680 ministrando
1530 4629 1611 4679 nel
1663 4642 1718 4678 se
1772 4626 2103 4676 immiscendo
2159 4626 2343 4676 diuinis
2408 4623 2593 4689 officijs
2647 4634 3029 4687 contraxerunt,

644 4711 870 4762 iniuncto
905 4713 978 4763 eis
1015 4714 1153 4778 quod
1188 4716 1250 4764 de
1301 4717 1411 4765 iure
1467 4713 1623 4766 fuerit
1679 4712 2064 4775 iniungendum.
2157 4709 2417 4774 Quorum*
2452 4717 2511 4763 ut
2561 4713 2887 4762 commissum
2939 4712 3030 4761 tibi
