3534 5361
1665 313 1746 370 70

544 497 945 554 conseruanda
984 497 1110 553 Nos
1156 497 1415 554 uolentes
1461 501 1643 572 ipsam
1691 509 1753 554 vt
1789 499 1844 554 in
1873 499 2161 574 predictos
2185 519 2320 556 vsus
2345 499 2663 573 dispensari
2688 498 2924 555 liberius

545 608 602 654 et
644 597 982 654 *comodius
1025 598 1215 653 valeat
1257 598 1311 654 in
1381 608 1505 655 tuto
1570 598 1701 655 loco
1762 609 1825 663 etv
1883 601 2110 674 ydoneo
2178 601 2360 656 donee
2428 599 2596 656 aliter
2661 600 2731 654 de
2799 599 2924 673 ipsa

544 697 1003 755 ordinauerimus
1083 700 1273 755 tucius
1348 700 1658 769 custodiri,
1723 700 2084 757 Discreeioni
2166 710 2354 757 vestre
2423 720 2525 774 per
2602 699 2924 774 apostolica

544 798 761 873 scripta
806 798 1212 856 committimus
1258 811 1307 854 et
1363 800 1719 865 mandamus,
1766 810 2054 874 quatenus
2099 812 2214 857 tam
2263 820 2298 856 a
2342 800 2769 857 venerabilibus
2812 799 2923 856 fra·

543 900 728 956 tribus
770 900 981 957 nostris
1025 898 1404 974 suffraganeis
1449 900 1563 957 tuis
1608 901 1865 975 predicte
1912 902 2343 976 archiepiscope
2389 920 2561 976 quam
2609 900 2732 974 alijs
2796 920 2924 974 per-

546 1001 703 1058 sonis
748 1010 805 1056 et
848 999 992 1058 locis
1037 999 1135 1056 ubi
1181 1001 1272 1056 uel
1321 1002 1476 1075 apud
1524 1020 1636 1075 que
1692 1002 1847 1059 dicta
1916 1003 2140 1058 decima
2205 1002 2375 1058 fuerit
2439 1022 2541 1058 seu
2584 1001 2928 1076 peruenerit,

546 1121 720 1176 super
762 1100 973 1175 quibus
1013 1120 1117 1157 vos
1162 1102 1470 1157 summarie
1517 1101 1854 1175 simpliciter
1899 1113 1955 1159 et
2001 1103 2071 1159 de
2127 1102 2301 1178 plano
2361 1122 2429 1159 ae
2497 1103 2618 1158 sine
2683 1100 2927 1175 strepitu

547 1212 607 1258 et
649 1202 848 1273 figura>
867 1200 1070 1274 judicij
1119 1200 1267 1257 sicut
1313 1201 1585 1275 expedire
1631 1202 1907 1271 uideritis‚
1946 1203 2279 1274 informetis,
2304 1203 2621 1277 predictam
2647 1200 2924 1258 decimam

543 1302 660 1359 iam
707 1300 1009 1358 collectam
1056 1320 1162 1357 nec
1208 1320 1317 1358 non
1367 1313 1483 1358 tam
1531 1305 1604 1360 ab
1666 1303 1973 1379 Episcopis
2032 1323 2204 1378 quam
2269 1305 2342 1361 ab
2401 1303 2526 1377 alijs
2570 1301 2829 1378 personis
2873 1311 2929 1358 et

545 1403 687 1460 locis
735 1401 1138 1460 ecclesiasticis
1186 1401 1439 1458 eiusdem
1508 1403 1806 1478 prouincie
1876 1404 2053 1478 ipsius
2120 1405 2341 1461 decime
2406 1403 2638 1460 residua
2700 1403 2747 1460 si
2814 1422 2929 1478 qua

546 1504 753 1561 fuerint
778 1502 1121 1579 colligenda,
1144 1511 1360 1577 petere,
1385 1504 1615 1578 exigere
1641 1525 1710 1561 ac
1734 1504 1993 1578 recipere
2040 1515 2235 1561 nostro
2282 1515 2337 1560 et
2381 1502 2622 1560 ecclesie
2665 1504 2928 1560 Romane

548 1605 779 1661 nomine
825 1623 955 1661 cum
1002 1604 1348 1679 integritate,
1396 1604 1697 1681 ipsamque
1740 1605 1798 1661 in
1858 1605 2053 1679 aliquo
2120 1615 2246 1661 tuto
2314 1605 2444 1661 loco
2512 1604 2694 1660 donee
2765 1603 2929 1661 uobis

549 1705 690 1779 quid
736 1704 806 1760 de
852 1704 951 1760 illa
996 1704 1253 1760 debeatis
1321 1703 1528 1775 facere,
1572 1706 2060 1777 mandaueriinuS‚
2116 1724 2460 1763 conseruare
2525 1704 2771 1761 fideliter
2810 1714 2928 1763 stu-

552 1804 757 1873 deatiS‚
782 1805 1239 1863 contradictores
1286 1815 1342 1861 et
1387 1806 1630 1863 rebelles
1675 1806 1964 1882 quoslibet
2008 1825 2182 1880 super
2226 1805 2330 1879 hijs
2373 1815 2671 1880 exemptos
2718 1815 2774 1861 et
2816 1825 2929 1862 non

552 1914 870 1979 exemptos⁷
913 1904 1212 1979 religiosos
1258 1917 1312 1962 et
1384 1907 1694 1977 seculares,
1761 1907 2177 1981 cuiuscumque
2238 1906 2472 1980 gradus,
2528 1906 2761 1977 ordinis,
2815 1916 2930 1962 sta-

548 2015 641 2063 tus
686 2006 781 2062 uel
828 2006 1182 2064 condicionis
1229 2007 1480 2064 existant
1524 2008 1696 2065 etiam
1742 2008 1788 2065 si
1847 2006 2161 2082 pontificali
2229 2007 2507 2081 dignitate
2573 2007 2932 2082 premineant

550 2107 900 2163 auctoritate
945 2117 1143 2164 nostra
1189 2108 1590 2182 appellacione
1627 2109 1947 2183 postposita
1972 2109 2411 2184 compescendQ
2434 2127 2545 2165 non
2570 2108 2932 2165 obstantibus

550 2207 942 2282 exempcionis
980 2217 1035 2264 et
1080 2208 1432 2283 quibuslibet
1477 2209 1601 2283 alijs
1667 2209 1984 2284 priuilegijs
2050 2220 2104 2266 et
2168 2208 2549 2284 indulgencijs
2616 2208 2931 2282 apostolice

550 2307 706 2365 sedis
751 2307 1167 2384 cuiuscumque
1213 2310 1426 2366 tenoris
1472 2310 1723 2368 existant·
1761 2312 1933 2368 etiam
1978 2311 2023 2368 si
2071 2313 2141 2368 de
2177 2312 2288 2369 illis
2319 2321 2467 2368 esset
2489 2309 2545 2365 in
2572 2309 2933 2384 presentibus

552 2410 622 2466 de
663 2411 844 2467 uerbo
889 2411 963 2467 ad
1009 2412 1252 2468 uerbum
1297 2411 1565 2486 specialis
1623 2421 1679 2468 et
1745 2431 2021 2487 expressa
2079 2413 2302 2470 mencio
2370 2410 2648 2482 facienda,
2713 2429 2817 2466 seu
2880 2411 2928 2468 si

552 2509 633 2567 eis
675 2510 771 2567 uel
813 2510 1072 2586 ipsorum
1120 2511 1410 2587 aliquibus
1448 2513 1831 2570 communiter
1875 2513 1968 2569 uel
2013 2513 2239 2571 diuisim
2287 2514 2360 2569 ab
2408 2512 2609 2569 eadem
2667 2510 2741 2568 sit
2793 2511 2927 2568 sede

549 2610 835 2668 indultum
881 2613 1037 2688 quod
1083 2613 1156 2670 ad
1200 2613 1555 2671 solucionem
1617 2615 1863 2672 alicuius
1921 2613 2141 2671 decime
2208 2613 2438 2670 minime
2504 2620 2826 2680 teneantur,
2875 2621 2931 2668 et

550 2713 624 2770 ad
669 2712 728 2769 id
774 2714 1060 2790 compelli,
1105 2725 1206 2773 aut
1250 2716 1408 2791 quod
1452 2716 1733 2787 interdici,
1778 2716 2052 2791 suspendi
2108 2716 2202 2773 uel
2259 2713 2750 2778 excommunicari
2815 2733 2927 2770 non

549 2814 770 2890 possint
814 2836 917 2891 per
960 2816 1180 2873 litteras
1225 2817 1573 2891 apostolicas
1615 2837 1729 2874 non
1774 2816 2050 2874 facientes
2096 2817 2325 2891 plenam
2369 2825 2426 2872 et
2483 2833 2814 2889 expressam
2860 2835 2929 2871 ac

550 2917 620 2973 de
665 2918 846 2973 uerbo
891 2917 964 2974 ad
1012 2919 1252 2975 uerbum
1298 2918 1368 2974 de
1413 2919 1635 2976 indulto
1674 2917 2001 2975 huiusmodi
2025 2918 2399 2987 mencionem,
2423 2916 2711 2973 Volumus
2736 2925 2930 2972 autem

550 3017 705 3092 quod
753 3018 1110 3092 assignantes
1165 3018 1444 3075 decimam
1513 3030 1569 3075 et
1634 3019 1865 3077 residua
1931 3019 2267 3092 supradicta
2333 3017 2564 3093 possitis
2628 3016 2931 3073 absoluere

551 3118 778 3194 plenius
823 3128 879 3176 et
924 3120 1172 3195 quittare
1220 3120 1290 3175 de
1335 3120 1441 3191 hijs
1486 3140 1597 3195 que
1643 3120 1775 3176 inde
1832 3120 2166 3195 receperitis
2231 3119 2303 3174 ab
2372 3118 2605 3189 eisdem7
2667 3117 2930 3174 faciendo

550 3238 725 3294 super
769 3220 1263 3295 assignacionibus
1307 3222 1545 3296 singulis
1592 3222 1706 3277 duo
1764 3221 1967 3278 confici
2037 3219 2356 3278 consimilia
2421 3218 2656 3293 publica
2709 3218 2930 3291 jnstru·

551 3328 762 3392 menta,
809 3338 1057 3396 quorum
1103 3322 1284 3379 altero
1331 3342 1507 3397 penes
1549 3323 1910 3398 assignantes
1948 3321 2200 3392 dimisse,
2243 3320 2528 3395 reliquum
2569 3319 2642 3375 ad
2676 3328 2931 3375 nostram

551 3440 845 3480 cameram
891 3422 1116 3480 mittere
1161 3424 1501 3498 procuretiS„
1561 3424 1837 3499 quodque
1903 3423 2056 3479 dicta
2101 3422 2334 3479 residua
2377 3440 2481 3495 per
2525 3439 2630 3476 uos
2673 3418 2768 3475 uel
2816 3419 2932 3475 col-

550 3523 796 3580 lectores
841 3543 876 3579 a
919 3525 1085 3582 uobis
1130 3525 1185 3581 in
1232 3525 1473 3599 singulis
1519 3525 1851 3582 ciuitatibus
1910 3534 1965 3579 et
2032 3522 2358 3579 diocesibus
2426 3522 2577 3578 dicte
2637 3520 2932 3595 prouincie

551 3625 918 3699 deputandos
962 3636 1137 3700 prout
1181 3637 1527 3700 oportunum
1589 3625 1979 3701 cognoueritis
2047 3623 2320 3697 colligere
2384 3622 2644 3689 ualeatis,
2709 3622 2929 3678 Datum

555 3726 849 3783 Auinione
896 3725 1008 3799 ‚iiij.
1054 3727 1258 3784 Nonas
1303 3728 1558 3801 Augusti
1605 3727 1987 3784 Pontificatus
2033 3729 2208 3784 nostri
2256 3746 2406 3783 anno
2453 3724 2616 3798 ,xiiij‘t

727 3827 1003 3901 Sequitur
1047 3837 1244 3885 tenore
1289 3828 1610 3885 litterarum
1655 3829 2071 3886 commissionis
2116 3828 2422 3886 insolidum
2468 3845 2643 3901 super
2668 3824 2933 3881 omnibus

551 3928 812 4001 negocijs
857 3927 1011 3985 facte
1056 3921 1192 3985 mihi
1237 3929 1415 3985 Petro
1462 3928 1730 4002 Geruasij
1779 3929 2037 4003 predicto
2083 3930 2180 4004 qui
2228 3928 2356 3986 talis
2403 3939 2503 3984 est.

718 4027 1020 4087 Johannes
1063 4031 1369 4105 episcopus
1416 4049 1618 4087 seruus
1663 4049 1962 4086 seruorum
2010 4030 2118 4085 dei.
2165 4029 2373 4086 dilecto
2419 4030 2535 4085 filio
2572 4029 2748 4084 Petro
2782 4024 2931 4084 Ger-

550 4129 694 4186 uasii
739 4130 1016 4187 canonico
1064 4131 1304 4188 ecclesie
1342 4140 1539 4188 sancte
1575 4130 1786 4204 Euodij
1822 4131 2152 4204 Aniciensis
2183 4130 2497 4205 apostolice
2526 4129 2676 4185 sedis
2700 4127 2932 4185 Nuncio

547 4230 805 4290 Salutem
873 4240 931 4287 et
995 4233 1374 4306 apostolicam
1442 4231 1919 4288 benedictionem.
2023 4233 2113 4288 De
2160 4243 2254 4287 tue
2302 4229 2832 4304 circumspectionis
2878 4239 2931 4283 et

544 4331 834 4389 fidelitatis
880 4333 1162 4390 industria
1209 4334 1437 4407 plenam
1481 4333 1537 4389 in
1585 4334 1699 4387 dfio
1744 4333 2012 4388 fiduciam
2064 4334 2385 4389 obtinentes
2431 4344 2486 4387 te
2532 4332 2605 4386 ad
2665 4331 2931 4403 Regnum

544 4433 730 4489 Dacie
776 4433 1136 4513 prouidimus
1183 4434 1583 4490 destinandum
1633 4433 1802 4490 certis
1847 4433 2057 4489 ibidem
2107 4434 2360 4507 negocijs
2404 4452 2508 4489 nos
2547 4442 2602 4487 et
2626 4430 2931 4487 ecclesiam

544 4537 867 4593 Romanam
918 4537 1286 4609 tangentibus
1331 4536 1430 4593 tibi
1493 4545 1545 4591 et
1613 4533 2041 4590 venerabilibus
2109 4533 2377 4590 fratribus
2441 4532 2667 4599 nostris,
2710 4529 2932 4586 Karolo

546 4621 1354 4711 Archiepiscopo'Lundensi
1403 4648 1458 4693 et
1501 4635 1755 4694 Johanni
1805 4634 2075 4710 episcopo
2121 4634 2486 4691 Roskildensi
2532 4653 2633 4707 per
2679 4631 2937 4687 diuersas
