3534 5361
1691 340 1769 397 75

709 527 856 582 Item
900 548 1051 584 anno
1097 549 1212 603 quo
1259 547 1435 601 supra
1480 525 1571 581 die
1621 524 1773 598 .xvij.
1822 526 2028 583 mensis
2075 527 2293 601 Aprilis
2338 528 2529 602 recepi
2588 527 2661 583 ab
2719 525 2918 580 eodem

544 627 658 683 dfio
699 628 967 684 «Iohanne
1015 627 1240 686 Somari
1299 627 1517 702 pridem
1586 627 1895 683 collectore
1962 625 2112 682 dicte
2181 627 2405 685 decime
2470 626 2799 683 sexannalis
2864 626 2917 681 in

543 726 774 784 ciuitate
822 737 878 784 et
923 727 1135 785 diocesi
1159 720 1655 795 RoskildensibuS,
1678 747 1783 802 per
1826 746 2027 783 manus
2072 728 2170 783 dni
2211 727 2484 803 Episcopi
2509 725 2920 793 RoskildensiS‚

541 828 610 884 de
655 827 934 886 fructibus
980 827 1220 887 ecclesie
1267 827 1402 884 dicti
1445 829 1541 884 dfii
1585 827 1870 885 Johannis
1916 829 2145 884 racione
2189 830 2338 886 dicte
2385 828 2606 885 decime
2677 827 2918 886 collecte

540 949 642 1003 per
687 947 838 1001 eum,
882 929 936 985 in
986 929 1152 986 dictis
1197 928 1429 984 ciuitate
1477 938 1532 986 et
1578 927 1790 985 diocesi
1822 927 2299 987 Roskildensibus
2343 952 2424 965 —-
2473 926 2544 1002 .ij.
2570 948 2670 984 mr.
2700 928 2920 1002 argenti

536 1030 804 1104 ponderis
848 1028 1224 1087 Coloniensis.

707 1131 855 1187 Item
903 1149 1055 1186 anno
1101 1150 1218 1205 quo
1261 1149 1438 1204 supra
1487 1129 1578 1185 die
1623 1128 1775 1202 ‚xvij.
1835 1127 2045 1185 mensis
2109 1130 2347 1206 Aprilis.
2416 1130 2632 1204 Recepi
2701 1149 2737 1185 a
2805 1129 2920 1185 diio

539 1233 718 1288 Petro
761 1232 963 1287 Herba
1007 1230 1434 1305 archidyacono
1478 1228 1843 1287 Roskildensi
1890 1229 2110 1304 pridem
2154 1230 2464 1287 collectore
2522 1231 2744 1288 decime
2788 1249 2919 1286 sex-

543 1331 767 1388 annalis
813 1350 918 1407 pro
965 1331 1034 1404 .ij.
1078 1331 1240 1388 annis
1285 1324 1497 1406 quibus
1543 1330 1778 1404 collegit
1823 1329 2033 1388 dictam
2094 1332 2376 1389 decimam
2437 1332 2703 1388 omnibus
2767 1349 2921 1386 sum·

540 1432 647 1488 mis
693 1451 839 1507 quas
882 1451 1216 1506 receperam
1263 1434 1335 1488 ab
1382 1432 1585 1488 eodem
1630 1450 1814 1505 usque
1855 1431 1913 1488 in
1968 1441 2292 1506 presentem
2360 1432 2510 1488 diem
2577 1431 2923 1505 computatis

541 1533 597 1590 in
643 1532 892 1608 presenti
937 1551 1161 1590 summa
1213 1558 1280 1568 -·-
1334 1531 1447 1605 .lxj.
1495 1551 1599 1589 mr.
1645 1532 1867 1606 argenti
1913 1534 2182 1606 ponderis
2228 1532 2607 1590 Coloniensis.

710 1635 856 1691 Item
904 1652 1055 1689 xxv.
1103 1651 1206 1689 mr.
1253 1632 1476 1707 argenti
1523 1633 1795 1707 ponderis
1839 1632 2232 1692 Roskildensis
2290 1631 2549 1689 valentes
2631 1662 2684 1668 -
2767 1631 2920 1704 xxij.

541 1755 644 1792 mr.
694 1735 915 1809 argenti
963 1753 1094 1791 cum
1139 1733 1374 1790 dimidia
1418 1732 1688 1808 ponderis
1733 1732 2113 1792 ColoniensiS.

710 1835 854 1892 Item
895 1835 1087 1909 recepi
1145 1865 1205 1872 --
1260 1853 1372 1889 .xx.
1417 1851 1648 1907 grossos
1693 1835 2082 1892 Turonenses.

1186 1935 1433 2010 Recepit
1467 1933 1915 2006 jnstrumentum
1961 1936 2275 1994 Johannes.

704 2141 848 2196 Item
893 2158 1044 2195 anno
1091 2147 1146 2193 et
1191 2136 1282 2194 die
1327 2136 1536 2212 quibus
1584 2133 1800 2212 [supra]
1835 2136 2052 2212 Recepi
2087 2139 2160 2194 ab
2186 2137 2493 2195 heredibus
2518 2137 2615 2193 dni
2641 2135 2920 2209 Skelmeri

535 2240 828 2316 quondam
872 2237 1159 2314 Prepositi
1203 2237 1444 2294 ecclesie
1488 2237 1885 2296 Roskildensis
1921 2238 2244 2297 collectoris
2278 2239 2429 2295 diet-e
2464 2238 2686 2295 decime
2709 2258 2782 2295 ex
2805 2256 2919 2294 vna

538 2350 702 2417 parte
748 2369 832 2377 —
876 2360 1032 2398 .xxx.
1081 2359 1182 2396 mr.
1227 2339 1449 2413 argenti
1495 2338 1766 2414 ponderis
1814 2338 2189 2397 ColoniensiS.

709 2443 856 2499 Item
901 2460 975 2499 ex
1019 2441 1134 2498 alia
1178 2448 1342 2515 parte
1387 2469 1468 2476 —
1516 2439 1688 2514 xxvj.
1733 2459 1837 2496 mr.
1887 2459 2019 2497 cum
2074 2440 2311 2498 dimidia
2375 2439 2597 2515 argenti
2664 2439 2919 2497 eiusdem
2982 2480 2985 2482 ψ

535 2543 822 2618 ponderis.
2001 2530 2008 2537 ⁴
2449 2598 2454 2602 .

705 2642 990 2703 Omnibus
1035 2661 1147 2719 que
1194 2641 1353 2719 prius
1409 2659 1743 2716 receperam
1806 2643 1880 2699 ab
1944 2642 2146 2701 eodem
2213 2641 2561 2718 computatis
2626 2641 2683 2700 in
2753 2642 2918 2702 dictis

538 2745 776 2803 summis
821 2764 1003 2820 usque
1044 2745 1109 2805 in
1147 2754 1468 2821 presentem
1518 2742 1684 2800 diem.

1151 2844 1399 2921 Recepit
1429 2845 1882 2920 jnstrumentum
1930 2844 2005 2905 G.
2052 2846 2311 2904 Blanehi.

704 3049 1018 3107 Sciendum
1065 3050 1222 3124 quod
1263 3048 1498 3105 marcha
1544 3047 1766 3121 argenti
1812 3049 2083 3124 ponderis
2119 3048 2513 3106 Roskildensis
2548 3058 2918 3123 computatur

536 3170 642 3225 pro
687 3150 829 3224 .iiij⁰.¹”
857 3150 1054 3207 solidis
1101 3160 1157 3207 et
1202 3149 1438 3206 dimidio
1483 3166 1813 3224 grossorum
1842 3148 2269 3206 Turonensium
2318 3159 2374 3206 et
2414 3151 2648 3206 marcha
2692 3149 2914 3223 argenti

538 3250 808 3325 ponderis
840 3250 1205 3309 Coloniensis
1230 3259 1600 3326 computatur
1621 3270 1727 3325 pro
1753 3270 1825 3308 .v.
1853 3250 2049 3307 solidis
2090 3269 2419 3325 grossorum
2466 3250 2522 3307 in
2567 3260 2916 3326 pagamento

535 3352 636 3408 sed
677 3370 783 3426 pro
828 3360 989 3408 tanto
1032 3351 1260 3408 minime
1306 3350 1479 3407 uendi
1520 3360 1724 3426 potest.

1497 3574 1562 3611 .c.
1609 3552 1685 3627 lij.
1734 3572 1837 3609 mr.
1885 3555 2108 3628 argenti
2156 3552 2427 3628 ponderis
2473 3552 2853 3611 Coloniensis.

535 3591 668 3670 [αρ’]
736 3596 975 3655 summa
1020 3595 1188 3653 baius
1233 3552 1615 3707 pagine{.xx·
1661 3639 1791 3694 den.
1834 3656 2015 3712 gross.
2061 3638 2280 3694 Turon.

699 3857 844 3913 Item
891 3876 1043 3913 anno
1088 3857 1184 3914 dni
1230 3867 1329 3914 ‚m‘t
1374 3865 1501 3915 ccc‘t
1545 3857 1734 3930 xxxij0.
1780 3856 1872 3913 die
1917 3855 2069 3930 αἰνῇ.
2118 3858 2327 3915 mensis
2382 3857 2621 3932 Aprilis.
2685 3858 2903 3934 Recepi
2921 3870 3110 3907 fot-ww.

533 3959 603 4014 de
650 3959 795 4016 cista
840 3978 944 4034 per
992 3958 1125 4013 dfim
1172 3958 1496 4015 Johannem
1545 3957 1771 4017 Somari
1819 3958 2158 4014 canonicum
2197 3958 2633 4015 Roskildensem
2659 3959 2714 4014 in
2739 3958 2914 4015 sacri-

533 4058 642 4113 stia
683 4058 931 4116 ecclesie
977 4059 1371 4116 Roskildensis
1416 4058 1686 4134 reposita.
1732 4060 1917 4134 primo
1961 4078 2030 4116 .v.
2077 4058 2275 4133 ciphos
2321 4059 2541 4133 argenti
2577 4060 2705 4133 ⁴sine
2752 4060 2917 4133 pede,

532 4168 588 4214 et
635 4158 687 4232 .j.
733 4178 865 4215 cum
913 4162 1083 4235 pede„
1128 4160 1366 4217 calicem
1418 4179 1550 4216 cum
1596 4169 1809 4236 patena
1855 4169 1911 4216 et
1964 4179 2139 4216 vnum
2201 4159 2469 4217 Balteum
2538 4179 2670 4217 cum
2735 4158 2917 4216 clauis

531 4261 820 4333 argenteis
863 4290 942 4297 —
994 4280 1098 4335 pro
1147 4280 1221 4317 .x.
1270 4280 1374 4318 mr.
1423 4262 1643 4336 argent-i
1692 4261 1961 4335 ponderis
2008 4261 2385 4319 coloniensis.

700 4361 860 4442 Item.
908 4362 1138 4436 ciphum
1184 4363 1407 4435 argenti
1454 4363 1724 4437 ponderis
1769 4390 1851 4397 —
1892 4361 1987 4416 .ix.
2036 4381 2116 4419 or.
2163 4371 2219 4417 et
2266 4362 2340 4436 .ij.
2382 4362 2487 4421 sol.
2536 4363 2775 4436 argenti.

700 4462 848 4517 Item
896 4461 968 4535 .ij.
1011 4461 1222 4519 fibulas
1269 4481 1397 4519 cum
1447 4462 1734 4537 lapidibus
1781 4461 1977 4517 vitreis
2025 4472 2080 4518 et
2125 4462 2347 4519 nodolis
2394 4482 2523 4519 cum
2569 4464 2914 4539 quibusdam

532 4562 728 4638 paruis
773 4563 965 4621 frustis
1010 4564 1235 4636 argenti
1280 4592 1355 4599 —-
1405 4562 1618 4619 valoris
1664 4562 1820 4635 .xiiij.
1865 4582 1946 4618 or.
1986 4562 2226 4637 argenti.

701 4662 846 4718 Item
897 4664 966 4737 .ij.
1015 4664 1213 4737 ciphos
1259 4663 1479 4737 argenti
1527 4662 1798 4737 ponderis
1847 4691 1918 4699 —-
1973 4662 2129 4735 xiiij.
2173 4682 2253 4719 or.
2300 4675 2357 4720 et
2404 4664 2476 4736 .ij.
2525 4665 2625 4720 sol.
2673 4665 2912 4738 argenti.
