3534 5361
1712 310 1825 366 111

585 490 689 549 sol.
733 500 791 549 et
834 490 927 550 .ix.
970 492 1098 549 den.
1144 511 1325 568 gross.
1372 493 1816 552 Turonensium.
1863 493 2251 571 computando
2306 492 2619 569 quemlibet
2670 491 2951 568 Regalem

585 610 689 667 pro
735 612 846 651 .XV.
890 611 1073 667 gross.
1119 593 1571 651 Turonensibus.

748 693 896 751 Item
941 694 1233 769 assignaui
1279 695 1350 752 de
1392 695 1605 753 eisdem
1649 694 1856 770 legatis
1900 724 1977 733 —-
2028 696 2117 770 .iij.
2157 696 2355 754 floren.
2397 713 2612 771 paruos
2653 692 2778 751 auri
2842 712 2949 770 per

583 812 674 851 me
715 801 997 869 receptos.

746 895 891 952 Item
939 896 1145 965 [eadem
1206 890 1309 966 die]
1367 896 1657 972 assignaui
1702 916 1810 973 ego
1868 898 2081 957 Petrus
2126 897 2396 973 Geruasij
2439 897 2591 955 sedis
2634 894 2949 973 apostolice

580 995 824 1054 nuncius
868 997 1162 1072 predictus
1207 997 1279 1054 de
1324 996 1531 1056 debitis
1574 1017 1678 1057 seu
1713 999 1972 1075 pecunijs
2017 1009 2219 1058 mutuo
2260 999 2485 1057 traditis
2551 1018 2654 1074 per
2718 996 2949 1055 fratrem

579 1096 905 1154 Johannem
952 1098 1022 1153 de
1068 1096 1286 1157 Serone
1332 1106 1388 1154 et
1430 1099 1764 1174 magistrum
1809 1101 2172 1159 Bernardum
2214 1102 2286 1158 de
2332 1099 2553 1160 Ortulis
2605 1098 2829 1174 pridem
2893 1097 2950 1153 in

581 1198 853 1272 predictis
895 1198 1129 1273 Regnis,
1178 1198 1386 1258 Suecie
1454 1212 1511 1256 et
1570 1201 1886 1277 Norwegie
1951 1203 2270 1279 apostolice
2334 1201 2485 1261 sedis
2548 1201 2788 1259 nuncios
2847 1219 2952 1275 per

578 1400 683 1457 sol.
729 1408 785 1458 et
827 1401 922 1460 .ix.
962 1402 1088 1462 den.
1134 1422 1317 1478 gross.
1362 1403 1807 1461 Turonensium.
1867 1406 2255 1481 computando
2315 1404 2628 1481 quemlibet
2670 1402 2950 1478 Regalem

578 1520 684 1576 pro
729 1520 839 1559 .xv.
883 1522 1065 1578 groSS.
1111 1505 1561 1562 Turonensibus

744 1604 894 1662 Item
939 1605 1232 1680 assignaui
1277 1605 1347 1663 de
1393 1605 1558 1663 dictis
1604 1605 1809 1663 debitis
1861 1634 1928 1643 -
1979 1605 2029 1680 .j.
2075 1626 2252 1666 marc.
2313 1626 2443 1665 cum
2503 1606 2738 1663 dimidia
2801 1606 2947 1663 auri.

579 1714 800 1781 emptas
842 1725 948 1782 pro
998 1704 1139 1780 .iiij0.r
1165 1705 1293 1763 libr.
1339 1717 1396 1764 et
1440 1706 1491 1782 .j.
1535 1707 1637 1765 sol.
1683 1727 1864 1783 gross.
1909 1709 2355 1767 Turonensium.

746 1809 894 1866 Item
937 1807 1227 1882 assignaui
1273 1808 1343 1864 de
1389 1808 1601 1866 eisdem
1648 1809 1855 1868 debitis
1902 1802 2031 1887 [pro
2079 1815 2131 1884 ²7'.
2198 1831 2336 1868 zona
2399 1819 2645 1885 arqentea
2701 1830 2804 1886 per
2869 1830 2949 1867 me

576 1920 785 1987 recepta
825 1913 882 1967 in
924 1909 1076 1966 dictis
1117 1907 1302 1982 Beyno
1348 1909 1524 1968 Dacie
1574 1931 1682 1986 pro
1729 1931 1881 1967 mxx.
1913 1914 2107 1986 floren.
2154 1916 2277 1969 auri
2316 1922 2362 1970 et
2400 1913 2619 1970 wendila
2652 1921 2845 1987 postea
2886 1914 2943 1968 in

578 2016 726 2072 curia
767 2011 1018 2068 Romana
1055 2003 1253 2084 precio]
1302 2011 1472 2086 .xxvj.
1510 2013 1706 2088 floren.
1751 2013 1894 2070 auri.

744 2114 892 2173 Item
937 2111 1142 2180 [eadem
1185 2107 1287 2176 die]
1335 2113 1627 2189 assignaui
1670 2111 1779 2189 e'go
1832 2115 2043 2173 Petrus
2088 2114 2376 2191 Geruasij.
2435 2113 2751 2190 apostolice
2792 2111 2944 2171 sedis
2964 2126 3148 2168 r01.75.1›.

577 2216 819 2276 nuncius
862 2216 1227 2292 supradictus
1272 2215 1342 2272 de
1385 2214 1642 2290 pecunijs
1684 2216 1933 2292 receptis
1975 2236 2080 2292 per
2122 2235 2215 2274 me
2257 2217 2489 2275 racione
2551 2216 2770 2273 decime
2813 2234 2944 2273 sex-

575 2318 800 2376 annalis
840 2318 900 2375 in
942 2317 1182 2393 Regnis‚
1224 2315 1430 2388 Dacie‚
1475 2316 1700 2389 Suecie,
1746 2316 1934 2376 Gocie
1976 2327 2032 2375 et
2076 2318 2386 2395 Norwegie
2430 2317 2777 2394 supradictis
2823 2344 2901 2354 —

1285 2424 1364 2475 .v⁰.
1407 2417 1666 2493 lxxxviij.
1710 2419 1907 2476 floren.
1952 2420 2078 2478 auri

1282 2518 1393 2593 .lvj.
1438 2521 1565 2578 den.
1610 2520 1735 2577 auri
1783 2522 1854 2578 de
1899 2539 2089 2580 massa

1281 2619 1398 2695 ,xij.
1441 2621 1646 2698 Agnos
1689 2623 1816 2680 auri
1862 2650 1932 2660 --

1281 2721 1354 2797 .ij.
1401 2742 1574 2783 marc.
1622 2745 1753 2784 cum
1798 2724 2031 2782 dimidio
2074 2724 2179 2782 sol.
2223 2725 2350 2783 auri
2392 2727 2449 2784 in
2496 2746 2685 2785 massa
2708 2726 2766 2783 in
2790 2726 2943 2782 dicto

1279 2847 1421 2885 auro
1463 2828 1660 2904 pixide
1706 2835 2069 2901 computatos
2112 2845 2216 2901 per
2256 2846 2348 2884 me
2392 2837 2672 2903 receptos.

743 2926 892 2984 Item
936 2928 1228 3002 assignaui
1273 2930 1343 2986 de
1388 2930 1589 2986 eadem
1631 2928 1856 2987 decima
1905 2955 1975 2964 —
2027 2927 2118 3002 .ij¹¹.¹
2157 2927 2304 2986 ccxl.
2350 2930 2546 2988 floren.
2592 2929 2734 2987 auri.
2779 2947 2938 3004 emp·

574 3035 663 3085 tos
707 3047 812 3103 pro
858 3047 1004 3086 ,cxv.
1047 3030 1172 3087 libr.
1217 3030 1270 3105 ij.
1316 3030 1420 3089 sol.
1465 3037 1524 3088 et
1565 3029 1636 3105 .ij.
1685 3029 1814 3087 den.
1860 3047 2041 3105 gross.
2089 3030 2521 3088 Turonensium
2566 3050 2636 3088 ac
2680 3030 2753 3105 .ij.
2795 3039 2939 3088 ster-

573 3128 759 3204 lingis.
805 3132 1191 3205 computando
1236 3132 1551 3208 quemlibet
1590 3131 1870 3189 florenum
1913 3150 2020 3206 pro
2064 3130 2176 3205 .xij.
2219 3149 2401 3206 grOSS.
2466 3132 2690 3189 Turon.
2760 3140 2818 3188 et
2883 3130 2937 3205 .j.

575 3230 868 3307 sterling0.

749 3638 898 3696 Item
941 3641 1132 3716 recepi
1178 3640 1308 3716 Ego
1348 3640 1558 3699 Petrus
1604 3639 1874 3714 Geruasij
1917 3640 2231 3715 apostolice
2272 3639 2422 3698 sedis
2466 3638 2711 3697 nuncius
2735 3657 2938 3715 supra·
2967 3654 3127 3694 tome..

582 3739 768 3798 dictus
812 3740 1032 3799 litteras
1076 3742 1465 3818 infrascriptas
1509 3751 1764 3799 tenorem
1807 3742 1907 3817 qui
1951 3742 2209 3818 sequitur
2254 3740 2631 3800 continentes.

747 3842 1046 3901 Johannes
1091 3842 1395 3919 episcopus
1439 3863 1640 3901 seruus
1683 3864 1983 3902 seruorum
2029 3843 2138 3914 dei,
2182 3843 2413 3901 Dilecto
2445 3841 2563 3898 filio
2585 3841 2762 3898 Petro
2789 3840 2939 3901 Ger-

580 3944 723 4019 uasij
769 3944 1050 4002 canonico
1096 3945 1336 4003 ecclesie
1377 3945 1558 4003 sancti
1606 3945 1815 4020 Euodij
1842 3945 2169 4010 Aniciensis
2195 3944 2511 4021 apostolice
2536 3944 2686 4002 sedis
2709 3945 2942 4018 nuncio,

581 4046 837 4106 Salutem
885 4056 941 4104 et
983 4047 1364 4123 apostolicam
1409 4046 1893 4104 benediccionem.
2006 4047 2155 4106 Cum
2208 4056 2265 4104 te
2336 4047 2405 4104 de
2468 4047 2630 4105 cuius
2700 4047 2944 4105 circum-

579 4148 872 4223 spectione
918 4157 976 4205 et
1014 4148 1294 4205 industria
1336 4149 1565 4224 plenam
1611 4149 1668 4206 in
1715 4149 1830 4207 dfio
1866 4150 2134 4208 fiduciam
2169 4148 2421 4225 gerimus
2443 4148 2517 4205 ad
2541 4157 2737 4223 partes
2760 4147 2945 4223 Regni

576 4249 762 4306 Dacie
805 4269 912 4325 pro
957 4250 1300 4326 quibusdam
1346 4250 1553 4309 nostris
1593 4237 1654 4307 ‘et
1699 4230 1941 4309 ecclesie
1984 4252 2245 4309 Romane
2289 4249 2545 4326 negocijs
2596 4249 2944 4307 destinemus

575 4370 681 4408 nos
724 4351 983 4408 uolentes
1026 4351 1129 4408 tibi
1173 4360 1409 4426 propter
1453 4354 1562 4409 hoc
1608 4353 1678 4409 de
1722 4351 2059 4427 necessarijs
2103 4352 2430 4427 prouidere,
2454 4370 2632 4409 vnum
2658 4352 2941 4409 florenum

576 4461 634 4509 et
672 4453 970 4509 dimidium
1015 4454 1138 4509 auri
1183 4472 1288 4527 pro
1332 4453 1626 4528 stipendijs
1672 4464 1728 4512 et
1767 4454 2103 4529 necessarijs
2148 4448 2298 4525 [tuis]
2342 4463 2398 4510 et
2422 4452 2786 4511 familiarium
2810 4463 2943 4510 tuo-

575 4573 704 4610 rum
748 4575 849 4630 per
893 4565 949 4610 te
994 4555 1196 4612 'diebus
1239 4554 1479 4629 singulis
1503 4555 1711 4631 quibus
1737 4556 1792 4613 in
1818 4555 2230 4631 prosecucione
2257 4554 2540 4616 dictorum
2567 4555 2938 4630 negociorum

578 4655 747 4713 fueris
792 4655 1189 4732 percipiendos
1233 4657 1303 4713 de
1348 4658 1722 4732 prouentibus
1780 4657 2086 4716 Cameram
2150 4664 2405 4714 nostram
2472 4655 2934 4732 contingentibus
