3534 5361
459 2474 617 2513 fol.84.a

1769 349 1884 407 122

807 531 984 593 ¹Item
1027 534 1119 591 die
1166 534 1297 608 .viij.
1343 535 1698 610 Septembris
1742 536 1867 593 misi
1935 536 2009 591 ad
2070 536 2407 593 Flandriam
2470 536 2676 595 iterum
2744 536 3000 594 Hemmi·

635 635 861 693 chinum
906 634 1181 693 famulum
1238 656 1368 693 cum
1435 638 1693 712 pecunijs
1760 647 1815 694 et
1878 639 2051 694 rebus
2116 635 2265 712 *que
2329 657 2661 713 receperam
2725 639 2783 694 in
2845 638 3000 695 Nor·

631 737 818 812 wegia
858 737 956 812 qui
999 755 1265 795 reuersus
1309 738 1382 794 ad
1452 757 1539 795 me
1605 738 1749 795 dixit
1813 758 1875 795 se
1941 739 2280 814 expendisse
2323 766 2406 775 --
2456 738 2634 813 .xviij.
2675 738 2777 796 sol.
2820 756 3000 813 gross.

635 838 1078 896 Turonensium.

798 935 973 996 ²Item
1015 939 1188 998 soluit
1230 940 1381 997 idem
1426 941 1862 999 Hemmichinus
1905 960 2011 1017 pro
2056 941 2230 998 naulo
2278 949 2334 998 et
2377 961 2482 1017 pro
2527 940 2661 997 naui
2721 939 3002 997 trahenda

633 1042 706 1098 ad
751 1049 980 1116 portum
1024 1041 1161 1116 quia
1202 1039 1383 1098 fracta
1426 1041 1532 1099 fuit
1576 1052 1633 1099 et
1677 1062 1781 1117 pro
1825 1052 1976 1099 uoto·
2023 1042 2231 1101 emisso
2289 1043 2362 1099 ad
2428 1052 2687 1099 sanctam
2754 1041 2998 1098 Mariam

635 1143 704 1199 de
748 1143 918 1217 Rupe
963 1141 1235 1198 amatoris
1282 1171 1355 1179 —-
1407 1143 1543 1217 .xxj.
1591 1144 1693 1201 sol.
1734 1162 1918 1219 gross.
1967 1143 2410 1201 Turonensium.

801 1242 945 1299 Item
989 1242 1136 1301 solui
1179 1261 1285 1318 pro
1331 1263 1679 1320 pergameno
1743 1275 1790 1282 —
1852 1245 1979 1318 .viij.
2027 1263 2207 1319 gross.
2254 1245 2640 1301 Turonenses.

803 1338 980 1400 ⁸Item
1022 1343 1111 1400 die
1158 1343 1269 1419 .xij.
1315 1345 1667 1421 Septembris
1711 1347 1787 1403 ad
1829 1346 2172 1404 instanciam
2237 1344 2536 1403 Nobilium
2601 1344 2788 1421 Regni
2844 1344 3000 1401 Nor·

633 1445 817 1521 wegie
863 1444 1017 1502 exiui
1077 1445 1367 1503 ciuitatem
1436 1447 1787 1522 Bergensem
1853 1447 2201 1505 reuertendo
2266 1447 2339 1504 ad
2407 1446 2550 1504 alias
2611 1455 2805 1522 partes
2863 1445 3002 1503 dicti

633 1546 819 1620 Regni
861 1546 958 1603 ubi
1002 1546 1298 1623 Episcopi,
1341 1548 1654 1620 Osloensis‚
1700 1549 2074 1606 Hamarensis
2121 1558 2176 1605 et
2224 1547 2671 1622 Stauangrensis
2715 1547 3003 1604 debebant

633 1646 769 1704 mihi
812 1666 1114 1705 occurrere
1159 1647 1365 1706 facturi
1407 1649 1698 1707 racionem
1744 1650 1815 1707 de
1860 1649 1966 1724 hijs
2003 1668 2107 1725 pro
2132 1650 2343 1725 quibus
2377 1668 2767 1724 processeram
2800 1656 3002 1705 contra

630 1748 786 1823 ipsos
830 1757 886 1805 et
928 1748 1005 1805 fui
1050 1750 1105 1806 in
1153 1750 1248 1807 uia
1290 1751 1391 1807 illa
1431 1771 1614 1827 usque
1658 1753 1733 1809 ad
1774 1751 1978 1811 festum
2037 1750 2294 1808 omnium
2347 1757 2678 1808 sanctorum
2744 1758 2801 1806 et
2868 1749 3001 1807 dedi

629 1849 856 1908 famulis
901 1850 997 1907 dfii
1042 1851 1242 1908 Ywari
1286 1853 1456 1910 Roua
1498 1852 1701 1912 Militis
1745 1853 1844 1929 qui
1911 1873 2000 1911 me
2064 1852 2342 1912 conduxit
2390 1880 2458 1889 —
2510 1851 2623 1927 .xij.
2672 1850 2778 1908 sol.
2821 1869 3003 1926 gross,

632 1952 1075 2010 Turonensium.

799 2052 946 2110 Item
991 2054 1140 2111 solui
1183 2073 1288 2129 pro
1335 2055 1560 2112 duabus
1603 2055 1793 2113 tonnis
1835 2057 1905 2112 de
1948 2054 2226 2113 *seruisia
2264 2054 2572 2112 Alamanie
2597 2072 2743 2130 quas
2768 2052 2901 2110 dedi
2923 2052 3005 2110 eis

634 2157 709 2213 ad
753 2155 1063 2213 bibendum
1124 2185 1171 2192 -
1237 2155 1377 2231 .iiij‘!r
1403 2156 1505 2214 sol.
1549 2174 1732 2231 gloss·
1785 2156 2229 2215 Turonensium.

799 2253 980 2314 4Item
1027 2257 1158 2315 dedi
1201 2258 1297 2314 vni
1343 2278 1415 2315 ex
1461 2258 1626 2317 dictis
1680 2259 1907 2316 famulis
1972 2277 2147 2315 vnum
2214 2276 2425 2333 equum
2490 2257 2703 2316 valoris
2746 2286 2828 2295 ·—-
2873 2256 3005 2333 .viij.

633 2358 737 2416 sol.
786 2378 966 2435 gross.
1008 2359 1450 2417 Turonensium.

802 2460 957 2517 Item
1000 2460 1091 2517 die
1135 2460 1226 2534 .vj.
1271 2461 1623 2520 Nouembris
1667 2460 1818 2519 solui
1861 2460 2199 2519 conductori
2244 2461 2345 2537 qui
2402 2479 2493 2517 me
2560 2459 2839 2519 conduxit
2901 2480 3006 2535 per

637 2561 906 2621 Sueciam
950 2581 1054 2637 per
1099 2560 1231 2636 .viij.
1278 2561 1399 2620 dies
1444 2582 1574 2619 cum
1618 2561 1693 2637 .ij.
1735 2561 1963 2620 famulis
2006 2561 2123 2619 suis
2171 2590 2248 2599 —-
2295 2582 2366 2618 Ν.
2410 2562 2608 2620 floren.
2651 2561 2794 2619 auri.

800 2663 949 2720 Item
995 2662 1126 2720 dedi
1171 2662 1398 2721 famulis
1442 2663 1560 2722 suis
1613 2693 1673 2701 ·-
1728 2663 1800 2739 .ij.
1845 2663 1947 2722 sol.
1994 2682 2174 2739 gross,
2221 2663 2666 2722 Turonensium.

800 2765 950 2822 Item
992 2764 1137 2823 solui
1183 2783 1288 2841 pro
1345 2765 1612 2841 expensis
1677 2785 1877 2824 eorum
1945 2787 2048 2842 per
2114 2766 2248 2841 .viij.
2316 2765 2438 2823 dies
2503 2763 2713 2840 quibus
2775 2764 3008 2822 fuerunt·

636 2884 859 2924 mecum
907 2864 1035 2923 cum
1080 2867 1264 2925 tribus
1310 2867 1472 2942 equis
1526 2894 1588 2902 -
1642 2887 1710 2924 .v.
1751 2867 1857 2926 sol.
1900 2886 2083 2943 gross.
2128 2867 2571 2925 Turonensium.

803 2968 946 3026 Item
998 2968 1129 3026 dedi
1185 2968 1394 3025 nuncio
1460 2969 1560 3043 qui
1625 2969 1760 3026 mihi
1797 2969 2148 3045 =reportauit
2212 2968 2431 3025 litteras
2497 2987 2599 3026 seu
2663 2966 3005 3043 *processus

636 3069 813 3127 iactos
859 3079 1059 3127 contra
1101 3069 1458 3145 Episcopum
1501 3068 1929 3129 Vexionensem
1987 3099 2046 3107 -
2102 3070 2215 3145 .xij.
2258 3089 2439 3145 gross
2484 3069 2870 3127 TuronenseS.

802 3171 950 3229 Item
997 3169 1188 3246 .xxvj‘.a
1228 3170 1318 3228 die
1360 3171 1712 3230 Nouembris
1758 3172 1888 3229 dedi
1944 3171 2157 3229 famulo
2224 3169 2615 3246 penitenciarij
2680 3170 2751 3228 de
2814 3170 3005 3228 Dacia

636 3273 789 3330 dicto
833 3273 1033 3330 Looch
1079 3273 1178 3349 qui
1224 3273 1357 3330 mihi
1404 3272 1657 3348 portauit
1699 3293 1871 3330 vnam
1917 3274 2164 3331 litteram
2201 3274 2458 3331 clausam
2497 3280 2553 3328 et
2575 3270 2719 3330 duas
2742 3279 3004 3346 patentes

637 3374 985 3450 apostolicas
1029 3375 1165 3450 quia
1211 3375 1358 3432 dixit
1403 3394 1463 3431 se
1506 3373 1680 3431 fuisse
1723 3375 2034 3450 spoliatum
2075 3375 2134 3432 in
2181 3373 2306 3455 uia2
2341 3374 2496 3449 quod
2529 3393 2642 3430 non
2675 3372 2782 3430 fuit
2802 3393 3004 3431 uerum

636 3485 699 3532 vt
737 3485 938 3551 postea
996 3476 1168 3534 didici
1255 3505 1304 3512 -
1363 3475 1495 3551 .viij.
1561 3493 1740 3551 gross.
1801 3477 2187 3533 Turonenses.
2256 3485 2312 3532 et
2372 3475 2522 3531 idern
2587 3475 2869 3533 habuerat
2935 3475 3006 3532 de

637 3588 846 3654 nepote
890 3598 1018 3635 meo
1063 3607 1144 3615 -—
1188 3576 1257 3652 .ij.
1302 3578 1497 3635 floren.
1543 3578 1689 3635 auri.

804 3679 953 3736 Item
999 3679 1127 3736 dedi
1190 3680 1400 3736 nuncio
1446 3698 1618 3754 quem
1675 3678 1801 3736 misi
1868 3679 1942 3735 ad
2008 3678 2359 3737 Sialendiam
2427 3679 2501 3736 ad
2568 3678 3004 3754 significandum
3089 3668 3096 3677 ’

639 3781 953 3838 aduentum
999 3800 1188 3838 meum
1235 3781 1530 3857 Episcopo
1577 3790 1633 3836 et
1677 3779 1951 3855 Capitulo
1993 3778 2486 3851 Roskildensibu3‚
2543 3780 2752 3855 quibus
2804 3780 3006 3856 scripsi

637 3902 813 3958 super
854 3882 960 3956 hijs
1004 3902 1118 3957 que
1163 3901 1386 3940 mecum
1432 3883 1722 3939 habebant
1767 3881 2058 3957 expedire,
2087 3891 2144 3939 et
2188 3883 2461 3958 expendit
2502 3882 2561 3938 in
2606 3881 2703 3939 uia
2743 3881 2845 3940 illa
2886 3867 3031 3939 tam*

639 4005 744 4061 pro
786 3985 960 4042 maris
1005 3984 1248 4042 transitu
1304 4003 1479 4060 quam
1545 4003 1651 4059 pro
1718 3983 1985 4058 expensis
2030 3983 2149 4041 suis
2195 4003 2327 4042 cum
2374 4002 2523 4058 equo
2570 3991 2626 4039 et
2663 3981 2878 4039 famulo
2929 4010 2997 4019 —

641 4086 780 4162 .iiij0.r
806 4085 909 4144 sol.
944 4104 1133 4160 gross.
1167 4085 1610 4144 Turonensium.

805 4189 953 4245 Item
999 4187 1123 4245 misi
1190 4187 1366 4245 alium
1425 4188 1699 4244 nuncium
1754 4187 1829 4244 ad
1872 4186 2107 4244 Juciam
2165 4188 2240 4244 ad
2309 4187 2606 4246 sciendum
2672 4186 2721 4243 si
2787 4185 3005 4261 aliquid

639 4309 970 4365 processum
1015 4299 1139 4346 erat
1181 4289 1236 4344 in
1282 4288 1394 4346 illis
1438 4287 1700 4364 partibus
1739 4309 1914 4364 super
1953 4288 2302 4347 colleccione
2348 4289 2569 4347 decime
2604 4287 2703 4364 qui
2738 4307 3005 4346 reuersus

709 4417 726 4446 ¹
764 4422 868 4471 Her
904 4422 1005 4471 eri
1060 4422 1278 4485 Margen
1328 4422 1445 4470 med
1499 4435 1563 4469 en
1615 4420 1783 4469 auden
1834 4420 2019 4470 Haand
2074 4420 2289 4484 tilsajet:
2346 4413 2615 4482 ‚,attende.“
2708 4416 2733 4445 ²
2765 4419 3002 4483 Ligesaa.

775 4503 796 4531 ³
828 4506 1062 4570 Ligesaa.
1132 4501 1157 4531 4
1190 4507 1425 4570 Ligesaa.
1498 4505 1605 4554 Her
1639 4504 1861 4568 tilfejes:

1592 4589 1679 4652 .iij.
1733 4590 1847 4639 libr.
1900 4589 2018 4653 iiijqr
2061 4590 2155 4640 sol.
2186 4588 2262 4639 'et
2314 4607 2382 4640 .x.
2433 4593 2544 4640 den.
2595 4605 2757 4652 gross.
2806 4588 3005 4639 Turon-

775 4655 908 4723 [ap.]
931 4660 1140 4710 Summa
1168 4660 1317 4708 huius
1353 4603 1575 4758 pagine3
1657 4659 1868 4708 ensium.

1592 4742 1654 4775 .v.
1689 4741 1845 4776 marc.
1883 4733 2085 4776 monete
2118 4723 2390 4776 Noricane.
