3534 5361
1761 367 1841 422 60

604 554 855 611 florenos
896 552 1038 627 aurj.
1083 553 1158 609 ad
1201 553 1482 610 rationem
1532 552 1707 626 .xviij.
1751 552 1856 609 sol.
1902 551 1999 626 iiij.
2046 553 2174 609 den.
2235 563 2290 610 et
2351 554 2503 610 obol.
2572 551 2998 610 Turonensium

605 674 917 730 paruorum
966 672 1071 730 pro
1117 653 1380 729 quolibet
1418 654 1653 711 floreno,
1701 663 1756 710 ct
1803 655 1876 710 ad
1921 653 2201 711 rationem
2253 654 2428 728 .xxiij.
2473 655 2576 712 sol.
2617 655 2839 711 Turon.
2867 672 2998 728 par-

607 773 810 812 uorum
859 773 963 830 pro
1009 753 1268 829 quolibet
1313 773 1480 829 agno,
1570 754 1648 810 Et
1714 755 1796 812 sic
1865 755 2182 812 ascendunt
2253 756 2408 813 dicta
2452 755 2741 830 stipendia
2785 754 2859 811 ad
2934 782 2986 789 -

605 855 684 928 .ij0.
732 854 869 927 xvij.
912 854 1089 912 libras
1135 855 1229 912 .xi.
1271 856 1375 914 sol.
1421 854 1515 928 vij.
1561 856 1688 911 den.
1715 856 2291 931 Turon.paruorum.
2381 857 2683 931 Quibusde
2716 854 2902 913 ductis
2925 855 2998 911 de

605 956 760 1014 dicta
801 975 1026 1013 summa
1070 957 1315 1014 Restant
1359 975 1446 1013 .m.
1494 955 1601 1029 iiij0.
1645 956 1701 1014 li.
1747 957 1891 1013 libre
1939 956 2111 1031 .xviij.
2157 956 2325 1016 solidi
2374 977 2443 1014 .v.
2506 956 2721 1032 denarij
2778 957 2999 1013 Turon.

603 1076 936 1132 paruorum.
1025 1053 1229 1128 [Quam
1274 1076 1535 1115 sunzmam
1572 1059 1860 1132 recepimus
1905 1061 1958 1115 in
2005 1068 2211 1115 moneta
2256 1058 2537 1117 Noricam
2576 1103 2589 1117 .
2639 1103 2651 1118 .
2692 1103 2703 1115 .
2747 1080 2782 1116 n
2821 1102 2832 1113 .
2876 1102 2889 1115 .
2924 1101 2936 1114 .
2959 1055 2997 1115 ¹.

915 1146 1047 1303 {.m.
1094 1160 1208 1231 viij?
1252 1162 1385 1232 xiiij.
1430 1177 1590 1215 marc.
1635 1159 1721 1230 υῇ.
1766 1179 1881 1217 vnc.
1932 1179 2105 1234 partae
2168 1170 2370 1217 monete
2435 1160 2723 1219 Nom'cane.

960 1262 1024 1299 .v.
1070 1243 1192 1299 den.
1247 1243 1444 1302 Turon.
1482 1245 1690 1318 pannis.

772 1343 1008 1416 Sinqulis
1052 1344 1278 1401 marchis
1313 1364 1419 1419 pro
1469 1348 1591 1417 ..z-ej.
1634 1347 1821 1403 solidis
1873 1345 2070 1403 Turon.
2109 1366 2407 1421 par-uorum
2439 1343 2792 1422 computatisL

402 1473 463 1509 τοι.
484 1473 585 1509 321³.
943 1444 1183 1505 Summa
1231 1445 1599 1504 Summarum
1649 1446 2041 1521 predictarum
2099 1467 2484 1522 expensarum
2545 1448 2827 1505 factarum
2897 1467 3000 1523 per

773 1567 877 1605 nos
923 1547 1155 1604 fratrem
1202 1546 1529 1603 Johannem
1578 1547 1649 1603 de
1696 1545 1917 1606 Serone
1963 1558 2018 1605 et
2060 1548 2126 1605 B.
2176 1550 2247 1606 de
2297 1548 2531 1608 Ortolis.
2569 1548 2998 1623 comprehensis

772 1646 1072 1723 stipendijs
1117 1647 1325 1704 nostris
1373 1645 1525 1703 ultra
1570 1656 1622 1703 et
1671 1656 1864 1723 preter
1925 1668 2209 1707 summam
2264 1658 2558 1726 receptam
2628 1650 2699 1706 de
2767 1668 2998 1726 camera

770 1768 946 1824 supra
991 1757 1403 1824 computatam,
1450 1758 1537 1806 est

857 1849 1015 1907 .xlix.
1058 1849 1181 1905 flor.
1228 1867 1358 1906 cum
1406 1848 1643 1907 dimidio
1685 1851 1829 1908 auri.

858 1950 972 2024 .xij.
1014 1950 1139 2008 libr.
1185 1951 1300 2006 xvi.
1346 1950 1451 2007 sol.
1493 1969 1548 2007 x.
1596 1951 1723 2008 den.
1775 1971 1905 2009 cum
1954 1952 2147 2009 dimid.
2193 1954 2414 2011 Turon.
2459 1972 2707 2028 grossor.

856 2072 947 2110 .m.
993 2052 1081 2108 ixc.
1124 2052 1201 2108 vi.
1251 2070 1426 2109 marc.
1472 2052 1544 2126 iij.
1591 2071 1720 2110 vnc.
1763 2064 1995 2111 monete
2039 2053 2349 2112 Noricane.

858 2153 955 2211 .ix.
996 2154 1122 2211 libr.
1166 2173 1223 2210 x.
1269 2154 1372 2211 sol.
1416 2154 1698 2212 Parisien.

859 2275 932 2312 .v.
982 2256 1109 2313 den.
1156 2256 1376 2313 Turon.
1424 2275 1755 2331 paruorum.

769 2352 1037 2431 ‘²Quibus
1082 2357 1348 2433 expensis
1393 2357 1655 2415 deductis
1701 2358 1772 2415 de
1817 2377 2040 2416 summa
2096 2360 2355 2434 Recepte
2408 2358 2817 2434 suprascripte.
2886 2379 2988 2434 per

600 2579 731 2618 cum
775 2559 967 2615 dimid.
1013 2559 1418 2635 sterlingorum
1466 2579 1570 2635 pro
1618 2559 1747 2634 .viij.
1794 2561 1921 2618 libr.
1957 2560 2033 2634 iij.
2077 2560 2180 2618 sol.
2226 2568 2282 2617 et
2327 2559 2400 2633 .ij.
2438 2560 2566 2618 den.
2614 2579 2746 2618 cum
2792 2560 2985 2620 dimid.

599 2661 742 2719 Tur.
764 2679 943 2736 gross.
969 2661 1100 2737 plus
1124 2661 1391 2737 expensis
1415 2682 1590 2739 qnam
1613 2662 1881 2739 receptis,
1905 2662 2297 2737 computando
2333 2660 2590 2737 singulos
2623 2679 2856 2737 grossos
2881 2683 2985 2739 pro

599 2761 695 2837 .iij.
721 2763 969 2838 denarijs
1012 2762 1318 2837 sterlingis,
1360 2773 1414 2820 et
1462 2764 1724 2822 deductis
1770 2765 1951 2822 eciam
1998 2771 2131 2822 octo
2166 2763 2326 2823 libris
2351 2783 2420 2821 .v.
2449 2763 2553 2821 sol.
2576 2763 2985 2840 sterlingorum

597 2883 703 2940 pro
746 2864 904 2922 .xlix.
952 2863 1181 2922 florenis
1227 2865 1350 2922 auri
1420 2885 1551 2923 cum
1619 2865 1874 2938 dimidio,
1944 2865 2074 2941 plus
2140 2865 2409 2941 expensis
2476 2884 2650 2941 quam
2719 2866 2985 2941 receptiS,

598 2968 988 3042 computando
1033 2965 1291 3041 singulos
1334 2966 1579 3023 florenos
1625 2986 1728 3042 pro
1776 2966 1871 3040 .iij.
1915 2966 2019 3023 sol.
2063 2966 2159 3040 iiij.
2224 2968 2351 3024 den.
2418 2965 2849 3041 sterlingorum,
2915 2987 2984 3023 ac

597 3068 780 3127 eciam
825 3068 1085 3126 deductis
1133 3087 1206 3124 .x.
1251 3066 1497 3125 marchis
1539 3066 1631 3140 ‚iiij
1696 3067 1879 3141 vncijs
1928 3067 2084 3142 .xiiij.
2130 3067 2377 3141 denarijs
2424 3076 2651 3125 monete
2688 3068 2983 3126 Noricane

597 3189 703 3245 pro
746 3170 842 3226 .ix.
889 3170 1015 3227 libr.
1060 3189 1117 3225 x.
1179 3169 1283 3227 sol.
1355 3169 1449 3242 iiij.
1509 3169 1705 3225 denar.
1773 3169 2186 3228 Parisiensium
2258 3169 2550 3240 debilium,
2594 3170 2986 3244 computando

596 3271 852 3345 singulas
914 3290 1137 3329 marcas
1195 3290 1299 3345 pro
1369 3269 1539 3344 .xviij.
1608 3269 1805 3328 solidis
1871 3271 2282 3329 Parisensium.
2350 3279 2568 3328 restant
2635 3269 2983 3346 assignanda

597 3369 824 3430 camere
874 3392 986 3447 que
1031 3380 1368 3447 sequuntur.
1410 3371 1709 3429 videlicet:

766 3491 918 3530 .xxw
964 3473 1089 3532 libr.
1136 3473 1249 3546 viij.
1295 3473 1398 3532 sol.
1441 3491 1496 3528 x.
1541 3473 1668 3530 den.
1718 3493 1849 3531 cum
1898 3473 2091 3530 dimid.
2141 3474 2562 3549 sterlingorum.

766 3574 836 3647 .ij.
863 3595 991 3633 vnc.
1017 3594 1147 3633 cum
1175 3574 1367 3631 dimid.
1393 3574 1564 3632 vncia
1588 3583 1645 3631 et
1669 3575 1905 3632 dimidio
1931 3575 2168 3632 denario
2193 3576 2318 3633 auri
2344 3576 2416 3633 ad
2444 3576 2675 3651 pondus
2701 3574 2975 3632 Auinion.

764 3674 855 3750 .ijc
890 3676 1011 3752 viij‘!
1055 3676 1149 3750 liij.
1197 3677 1428 3734 marche
1474 3696 1603 3734 cum
1652 3677 1849 3734 dimid.
1894 3688 2118 3735 monete
2157 3677 2469 3735 Noricane.

765 3778 866 3836 .ix0.
910 3778 1028 3853 lvij.
1074 3779 1306 3835 marche
1353 3778 1402 3833 .i.
1449 3798 1578 3836 vnc.
1625 3779 1744 3834 xix.
1796 3780 1924 3837 den.
1975 3789 2202 3837 monete
2248 3779 2474 3839 Suecie.

762 3900 929 3938 ‚vnus
973 3880 1176 3956 ciphus
1222 3880 1291 3936 de
1336 3899 1483 3938 nuce
1530 3880 1906 3938 ultramarina
1952 3900 2082 3938 cum
2131 3882 2278 3956 pede
2323 3881 2563 3957 argenti.

760 3982 904 4040 Post
947 4002 1061 4057 que
1102 4002 1254 4040 anno
1299 3983 1393 4057 dfij
1441 3991 1541 4039 ,1n⁰.
1586 3991 1714 4041 ccc⁰.
1757 3984 1952 4042 xxix¹1⁰
1974 3984 2065 4041 die
2108 3983 2489 4058 ‚xijrflmensis
2514 3982 2768 4057 Augusti
2793 3982 2973 4056 assig-

591 4084 860 4141 nauimus
905 4102 1132 4141 camere
1178 4085 1275 4140 dfii
1322 4086 1501 4142 nostri
1546 4106 1694 4162 pape
1738 4106 1843 4161 per
1888 4105 2092 4144 manus
2136 4086 2297 4143 Petri
2345 4085 2415 4141 de
2461 4083 2709 4157 Linarijs
2753 4102 2975 4141 merca-

590 4183 732 4241 toris
778 4183 847 4240 de
905 4182 1227 4257 Gordom0‚
1275 4187 1628 4245 caturcensis
1688 4187 1951 4258 diocesis,
2019 4188 2184 4246 nobis
2248 4188 2305 4243 in
2375 4185 2529 4243 dicta
2588 4185 2975 4260 assignatione

590 4285 950 4360 presentibus
965 4307 978 4343 :

762 4386 855 4462 .ij't'
891 4387 1013 4463 liiij.
1057 4389 1306 4447 florenos
1351 4390 1495 4465 auri.

758 4488 995 4563 .xxxiiij.
1040 4508 1267 4548 marcas
1311 4490 1384 4565 .ij.
1428 4511 1556 4550 vnc.
1590 4491 1635 4566 j.
1682 4501 1954 4567 quartum
2000 4492 2226 4567 argenti
2268 4490 2342 4548 ad
2387 4492 2614 4566 pondus
2657 4488 2836 4547 Auifi.

670 4615 686 4646 ¹
725 4621 1020 4671 Bortvisket
1055 4623 1070 4671 i
1109 4622 1422 4686 Originalen.
1502 4620 1526 4648 ²
1573 4624 1598 4672 I
1634 4624 1852 4687 Mai-gen
1906 4623 2098 4686 tilfojes
2134 4625 2242 4682 her,
2281 4623 2374 4671 ved
2412 4622 2549 4671 dette
2587 4622 2783 4685 Stykke
2819 4622 2971 4685 nogle

725 4704 809 4754 faa
846 4705 1022 4768 LinJer
1056 4707 1250 4768 laenger
1284 4708 1429 4768 nede,
1466 4708 1582 4757 med
1621 4710 1718 4758 den
1753 4709 1920 4759 auden
1955 4708 2164 4757 Haand:
2206 4703 2338 4770 „at.‘⁸
2377 4703 2456 4765 (0³
2493 4703 2733 4766 attende).
