3534 5361
1776 399 1890 458 182

647 587 942 644 computata
977 581 1027 628 in
1064 580 1201 630 dicta
1235 581 1383 629 totali
1419 597 1615 631 summa
1650 599 1741 647 pro
1781 583 2044 645 octoginta
2091 581 2308 646 quinque
2357 581 2572 631 marchis
2632 579 2909 629 numeratis
2967 585 3020 626 et

646 680 737 714 sex
786 666 886 714 oris
932 673 1136 714 monete
1189 664 1497 715 Sweuicane.
1559 667 1698 716 Jtem
1754 667 2025 716 duodecim
2080 682 2168 716 ore
2222 667 2426 731 antique
2479 675 2682 715 monete
2718 663 3018 712 Sueuicane.

648 750 924 800 Residuum
961 765 1082 799 uero
1118 765 1274 813 vsque
1320 752 1385 799 ad
1439 753 1626 801 dictam
1679 768 1928 802 summam
1981 751 2078 800 suit
2131 753 2181 801 in
2233 753 2450 814 pecunia
2500 750 2805 800 Sucuicana.
2879 749 3020 798 Jtem

647 836 708 884 de
769 835 984 884 ecclesia
1041 844 1091 883 et
1143 836 1329 884 diocesi
1393 835 1674 886 Arosiensi.
1744 837 1887 886 cuius
1948 837 2139 886 decime
2206 853 2405 886 summa
2462 834 2690 884 ascendit
2750 836 2816 883 ad
2882 833 3020 882 mille

647 927 849 969 centum
886 921 1060 968 decem
1120 928 1170 968 ct
1227 928 1422 983 septem
1479 922 1712 971 marchas
1772 929 2064 970 numeratas
2124 936 2238 970 cum
2298 921 2519 970 dimidia.
2580 920 2651 971 Jn
2710 934 2810 983 qua
2870 919 3020 968 totali

647 1020 844 1054 summa
880 1004 1085 1053 fuerunt
1113 1003 1315 1066 jncluse
1368 1007 1543 1054 decem
1599 1015 1649 1056 et
1707 1015 1898 1069 septem
1953 1007 2158 1055 marche
2216 1007 2269 1054 in
2318 1006 2612 1069 fragmentis
2649 1005 2846 1068 argenti
2882 1020 3022 1053 com-

646 1097 821 1152 putate
867 1105 960 1153 pro
1013 1091 1340 1153 septuaginta
1392 1106 1484 1139 sex
1536 1092 1754 1139 marchis
1809 1107 1921 1140 cum
1978 1091 2184 1139 dimidia
2237 1092 2371 1139 dicte
2421 1105 2576 1153 parue
2630 1097 2833 1140 monete
2885 1090 3021 1139 Sue-

647 1176 840 1223 uicane.
909 1175 1189 1223 Residuum
1225 1190 1348 1224 uero
1384 1191 1539 1239 vsquc
1576 1177 1641 1225 ad
1678 1177 1867 1225 dictam
1903 1177 2111 1225 totalem
2149 1191 2398 1224 summam
2434 1174 2530 1224 suit
2564 1177 2617 1225 in
2653 1176 2868 1238 pecunia
2896 1174 3023 1225 Sue-

648 1260 843 1308 uicana.
882 1274 977 1322 que
1015 1258 1185 1307 omnia
1219 1262 1563 1324 suprascripta
1597 1268 1802 1325 recepta
1837 1269 1887 1310 et
1941 1261 2115 1309 leuata
2167 1258 2374 1308 fucrunt
2419 1262 2472 1310 in
2522 1276 2681 1323 regno
2738 1259 2919 1310 Suecie
2973 1266 3025 1307 et

647 1345 932 1407 ponderata
966 1344 1031 1391 ad
1068 1344 1267 1405 pondus
1305 1344 1366 1393 de
1403 1344 1735 1395 Stocholmis.
1804 1346 1935 1394 Item
1972 1346 2034 1394 de
2070 1346 2288 1394 ccclesia
2313 1344 2548 1394 Scarensi
2573 1354 2624 1395 et
2650 1345 2856 1395 diocesi.
2878 1345 3023 1393 cuius

649 1429 845 1477 decime
881 1444 1078 1476 summa
1114 1430 1346 1477 ascendit
1380 1431 1445 1478 ad
1482 1438 1702 1493 quatuor
1754 1432 1895 1480 milia
1943 1438 2147 1480 centum
2203 1430 2412 1492 triginta
2463 1440 2566 1479 tres
2618 1430 2853 1479 marchas
2907 1444 3023 1477 cum

649 1515 864 1576 quinque
901 1515 1002 1562 oris
1037 1514 1331 1562 numeratis.
1402 1515 1473 1564 Jn
1509 1531 1610 1578 qua
1643 1531 1843 1564 summa
1879 1515 2084 1564 fuerunt
2119 1515 2313 1564 incluse
2349 1514 2574 1565 trece'nte
2608 1514 2792 1577 viginti
2815 1512 3023 1563 marche

648 1583 762 1646 cum
800 1598 1016 1661 quinque
1053 1599 1155 1647 oris
1191 1600 1242 1647 in
1279 1601 1430 1660 msice,
1467 1608 1518 1649 et
1554 1599 1852 1663 fragmentis
1889 1601 2087 1664 argenti
2113 1607 2401 1663 computate
2421 1615 2513 1664 pro
2535 1600 2676 1649 mille
2694 1599 2951 1649 sexcentis
2971 1606 3024 1645 et

649 1683 808 1732 tribus
843 1683 1063 1732 marchis
1098 1685 1376 1732 numeratis
1413 1699 1526 1734 cum
1564 1699 1662 1733 vna
1697 1700 1804 1734 ora.
1875 1685 2015 1736 Jtem
2050 1684 2322 1747 sexaginta
2357 1693 2552 1749 septem
2601 1686 2731 1735 libre
2783 1689 3023 1747 quatuor-

649 1768 812 1817 decim
846 1768 1012 1817 solidi.
1050 1776 1103 1816 et
1137 1776 1238 1817 tres
1276 1769 1466 1831 denarij
1506 1769 1882 1832 sterlingorum.
1922 1770 2006 1833 qui
2054 1769 2283 1831 sterlingi
2336 1770 2618 1833 computati
2671 1769 2877 1818 fuerunt
2927 1782 3022 1832 pro

648 1853 937 1915 quingentis
972 1853 1190 1902 marchis
1227 1861 1278 1901 et
1315 1868 1405 1901 sex
1442 1853 1543 1902 oris
1581 1869 1696 1902 cum
1733 1854 1945 1902 dimidia
1979 1854 2256 1904 numeratis
2311 1861 2362 1903 et
2414 1869 2506 1903 sex
2567 1854 2789 1917 denar-ijs
2845 1853 3024 1904 Saeui-

649 1938 805 1986 canis.
878 1939 1155 1987 Residuum
1194 1952 1317 1985 uero
1354 1953 1511 2000 usque
1548 1940 1612 1986 ad
1650 1939 1838 1987 dictam
1875 1939 2087 1988 totalem
2124 1954 2375 1987 summam
2411 1938 2508 1989 fuit
2563 1939 2616 1988 in
2676 1941 2813 1989 dicta
2863 1953 3024 2003 parua

648 2022 862 2086 pecunia
898 2022 1199 2072 Sueuicana.
1238 2037 1450 2085 quarum
1489 2024 1717 2074 omnium
1754 2026 2004 2073 dictarum
2041 2039 2349 2073 summarum
2388 2033 2707 2089 receptarum
2742 2031 2794 2073 et
2829 2023 3025 2073 leuata-

649 2122 775 2156 rum.
813 2106 995 2171 prefati
1033 2106 1387 2169 commissarij.
1426 2109 1752 2160 medietatem
1805 2111 2083 2158 secundum
2136 2109 2430 2158 mandatum
2491 2108 2833 2172 apostolicum
2880 2108 3025 2157 nobis

648 2192 988 2254 assignarunt.
1059 2192 1131 2240 Et
1166 2192 1273 2240 sine
1310 2191 1650 2243 diminucione
1687 2194 1928 2257 qualibet.
1965 2194 2283 2256 integraliter
2319 2193 2652 2251 tradiderunt,
2696 2209 2790 2258 pro
2837 2208 3027 2257 expen-

648 2277 716 2325 sis
752 2292 876 2326 uero
913 2276 1061 2326 sactis
1096 2278 1149 2326 in
1186 2277 1481 2327 deducendo
1519 2279 1760 2343 pecunias
1797 2287 1946 2329 extra
2003 2294 2215 2341 regnum
2275 2277 2471 2327 Suecie.
2527 2293 2619 2341 pro
2672 2286 2819 2342 parte
2877 2280 3025 2328 nobis

648 2361 993 2424 contingente,
1025 2362 1336 2412 restituimus
1372 2363 1613 2426 predictis
1649 2363 2012 2426 commissarijs
2049 2364 2319 2426 sexaginta
2356 2369 2455 2413 tres
2492 2364 2727 2413 marchas
2749 2378 2865 2412 cum
2882 2363 3027 2411 dimi-

649 2446 735 2495 dia
770 2449 832 2496 de
868 2449 1085 2511 pecunia
1121 2447 1409 2497 Sucuicana
1443 2456 1731 2497 numeratas
1771 2450 1835 2497 ad
1889 2450 2097 2497 modum
2150 2447 2345 2498 Suecie.
2441 2447 2580 2498 Jtem
2632 2463 2726 2512 pro
2787 2449 3025 2511 expensis

648 2531 796 2581 factis
829 2533 883 2581 in
918 2532 1205 2595 colligendo
1243 2533 1490 2582 decimam
1526 2532 1739 2582 ecclesie
1777 2541 1828 2582 et
1864 2535 2078 2583 diocesis
2116 2532 2377 2583 Osloensis
2413 2547 2507 2594 pro
2542 2541 2687 2596 parte
2721 2533 2871 2583 nobis
2906 2547 3025 2582 con-

650 2619 875 2682 tingente
912 2617 1020 2665 dari
1058 2617 1267 2668 fecimus
1304 2618 1511 2667 domino
1548 2617 1819 2682 Thyrkillo
1883 2618 2305 2682 archipresbitero
2367 2617 2604 2668 Osloensi
2658 2617 3026 2682 quinquaginta

649 2703 882 2752 marchas
917 2703 1157 2766 ponderis
1195 2712 1245 2752 et
1279 2704 1423 2766 parui
1459 2703 1780 2752 numismatis
1818 2702 2076 2752 Noricani.
2149 2703 2220 2754 Jn
2255 2718 2469 2766 quorum
2504 2705 2867 2767 premissorum
2920 2718 3025 2752 om·

647 2789 789 2836 nium
825 2787 1185 2837 testimonium.
1225 2789 1448 2852 sigillum
1484 2797 1713 2839 nostrum
1750 2789 2069 2852 presentibus
2107 2788 2345 2837 duximus
2404 2789 2777 2852 apponendum.
2831 2788 3027 2838 Datum

650 2872 841 2936 Osloye
877 2887 1012 2921 anno
1051 2872 1240 2922 domini
1276 2883 1354 2932 mo,
1403 2883 1517 2933 cccq
1571 2872 1814 2923 vicesimo
1852 2880 2053 2922 octauo.
2115 2873 2185 2924 Jn
2227 2872 2451 2922 crastino
2489 2872 2855 2937 assumpcionis
2878 2872 3061 2920 beate·

648 2957 852 3021 virginis
887 2957 1068 3007 Marie.

1507 3039 1635 3089 (Ener
1661 3044 1764 3091 Dipl.
1797 3041 1908 3080 Svec.
1939 3041 2005 3080 No.
2034 3039 2166 3082 2675).

1335 3269 1430 3326 68.
1526 3269 1703 3327 1328.
1797 3269 1951 3327 26de
1995 3268 2339 3326 December.

786 3382 940 3432 Eilisr
975 3385 1091 3433 med
1127 3385 1259 3447 gudz
1300 3384 1539 3433 miskunn
1575 3384 1864 3448 crkibiscup
1901 3384 1917 3431 i
1953 3383 2202 3433 Nidarose
2252 3384 2447 3432 saender
2500 3382 2602 3431 sira
2660 3381 2879 3430 Hakone
2929 3380 3032 3429 sira

651 3468 806 3518 Salva
842 3484 904 3518 oc
940 3471 1042 3518 sira
1078 3468 1212 3519 Jone
1247 3469 1625 3519 korsbroedrom
1662 3470 1676 3517 i
1713 3468 1998 3531 Biorghvin
2034 3483 2095 3517 oc
2129 3468 2383 3517 Remundi
2432 3468 2493 3515 de
2547 3467 2776 3516 Lamena
2828 3466 3031 3514 subcol-

651 3554 924 3603 lectoribus
962 3555 1315 3617 pavatiundar.
1354 3571 1399 3618 q.
1438 3571 1486 3616 g.
1526 3570 1587 3604 oc
1623 3555 1750 3604 sina.
1820 3553 1930 3603 Ver
1964 3552 2140 3602 hafum
2177 3553 2501 3611 undirstadit‚
2529 3558 2583 3600 at
2607 3548 2702 3617 per
2725 3548 2867 3599 hafet
2891 3550 3034 3598 taekit

652 3636 791 3704 ptiar
825 3639 1024 3688 merker
1060 3655 1120 3688 oc
1157 3641 1371 3703 niuthigi
1409 3640 1589 3689 marka
1611 3640 1833 3688 brendra
1857 3639 2197 3702 pavatiundar
2222 3637 2279 3686 af
2300 3635 2614 3700 Orknoeyum
2638 3650 2699 3685 oc
2725 3634 3032 3684 framleidiss

653 3724 825 3773 aezlest
859 3732 913 3773 at
948 3724 1070 3773 taka
1106 3724 1167 3773 as
1206 3725 1515 3787 Stavangers
1567 3725 1947 3791 biskupsdoeme
2008 3723 2139 3771 allai·
2190 3721 2350 3790 aeffter
2409 3722 2586 3770 stadur
2644 3721 2904 3770 oskaerdar
2954 3719 3035 3783 fyr

653 3811 902 3873 sagdhrar
936 3810 1143 3858 tiundar
1176 3818 1312 3859 rnote
1346 3810 1498 3859 berra
1520 3826 1712 3874 pavans
1736 3811 1870 3859 bodo
1898 3825 1958 3857 oc
1984 3808 2209 3870 godvilia
2232 3805 2370 3874 peirn
2395 3821 2499 3856 sem
2525 3807 2661 3855 hann
2690 3806 2832 3869 gerdi
2855 3820 3033 3854 varom

652 3898 802 3946 herra
837 3897 1202 3958 konongenum
1240 3910 1300 3944 oc
1336 3896 1441 3944 allu
1480 3897 1699 3960 landeno
1739 3896 1799 3945 til
1835 3894 2057 3958 styrkiar
2091 3894 2248 3942 imote
2285 3892 2597 3941 kristninnar
2632 3891 2841 3940 ovinum
2886 3891 3035 3939 undir

653 3996 773 4031 vare
812 3980 996 4044 skipan
1034 3996 1095 4029 oc
1131 3979 1287 4030 forsio
1326 3996 1381 4030 er
1414 3979 1508 4047 pat
1542 3981 1909 4044 haelmingrenn
1944 3978 2003 4028 af
2031 3979 2156 4027 allre
2194 3992 2298 4026 saex
2338 3991 2435 4025 aerc
2471 3977 2751 4041 pavatiund
2803 3991 2888 4025 um
2943 3975 3037 4023 allt

655 4066 789 4115 rikit.
860 4064 940 4114 Af
967 4063 1053 4131 bvi
1090 4066 1405 4115 firirbiodum
1442 4081 1530 4115 ver
1563 4068 1689 4131 yder
1723 4073 1778 4115 at
1811 4063 1905 4131 per
1940 4065 2085 4113 taker
2120 4062 2391 4111 frammare
2429 4077 2492 4111 en
2527 4062 2833 4125 haelmingeu
2867 4061 3035 4110 tiund-

655 4166 874 4200 arennar
909 4165 1015 4199 sem
1051 4165 1120 4199 nu
1160 4166 1216 4199 cr
1250 4158 1366 4213 sagt
1400 4151 1591 4201 hvarke
1629 4149 1686 4198 af
1716 4150 1999 4210 Stavangre
2036 4165 2099 4198 ne
2136 4148 2449 4211 Orknoeyum
2486 4150 2583 4196 eda
2618 4147 2808 4208 vidare,
2845 4161 2907 4195 oc
2944 4143 3037 4211 pat

655 4236 803 4286 affter
836 4235 972 4285 lukir
1006 4250 1113 4285 sem
1149 4235 1393 4285 frammar
1426 4235 1545 4286 hafe
1581 4234 1675 4303 {ier
1711 4235 1841 4284 tekit
1876 4235 1999 4283 ader
2044 4250 2158 4282 vars
2212 4234 2361 4284 herra
2414 4234 2740 4295 konongsens
2798 4232 3037 4281 umbods-

654 4336 839 4370 manne
875 4336 935 4370 oc
971 4337 1148 4370 varom
1184 4321 1198 4369 i
1235 4323 1428 4371 hender
1462 4322 1611 4370 herra
1635 4319 1881 4370 Audfinni
1918 4319 2112 4382 biscupi
2149 4318 2164 4366 i
2201 4318 2497 4380 Biorghvin‚
2519 4334 2576 4367 so
2614 4316 2769 4366 framt
2802 4333 2909 4367 sem
2946 4315 3039 4383 per

656 4405 764 4453 vilit
799 4404 1025 4455 fordazst
1059 4421 1173 4455 vars
1210 4407 1359 4455 berra
1392 4407 1723 4469 konongsens
1761 4405 1951 4454 oblidu.
2009 4420 2069 4454 oc
2124 4404 2182 4452 til
2236 4419 2392 4453 sannz
2445 4402 2792 4451 vitnisburdar
2835 4409 3036 4451 saettum

656 4506 744 4539 ver
776 4498 890 4539 vart
925 4490 1133 4553 insighli
1168 4491 1274 4540 firir
1307 4488 1454 4557 betta
1489 4489 1605 4540 bref
1635 4506 1690 4539 er
1725 4496 1843 4553 gort
1879 4504 1969 4537 var
2003 4489 2019 4536 i
2054 4488 2292 4538 Nidarosi
2330 4504 2361 4537 a
2396 4502 2565 4536 aunan
2593 4486 2729 4548 dagh
2750 4485 2884 4548 jola.
2904 4501 3038 4535 anno

650 4576 846 4625 domini
881 4586 958 4635 mo,
1003 4586 1116 4634 ccco,
1158 4574 1308 4623 xxix.

774 4659 892 4703 (Em-r
921 4659 1124 4697 Afskrinen
1155 4660 1197 4696 at
1221 4659 1292 4696 den
1322 4670 1369 4695 nu
1388 4660 1500 4719 ‘tabte
1530 4659 1742 4705 bergenske
1771 4657 1945 4705 Copibog
1974 4655 1984 4694 i
2013 4656 2295 4693 Bartholiuiana
2325 4656 2384 4694 IV.
2414 4656 2506 4692 aner
2535 4655 2580 4694 F..
2614 4667 2651 4702 p.
2683 4649 2917 4695 253—95n.
