3534 5361
1755 360 1874 417 104

423 534 597 573 unffi-b·
798 531 947 589 Item
990 532 1249 610 Recepte
1293 538 1364 595 de
1409 539 1563 598 dicto
1608 561 1786 601 censu
1828 545 1887 603 in
1926 548 2132 622 Regno
2178 550 2384 611 Suecie
2442 557 2563 632 ‚vij‘z
2606 559 2748 635 lxxj.
2819 582 2993 621 marc.

625 629 699 704 vj.
748 651 830 689 or.
877 642 934 690 et
980 633 1131 708 ‚iiij‘zr
1149 636 1277 694 den.
1326 650 1553 698 monete
1598 642 1864 704 Sueuice.
1947 648 2042 705 De
2087 652 2296 726 quibus
2339 657 2536 715 habuit
2583 660 2690 719 dfis
2742 662 2995 739 Esgillus

624 730 956 810 Episcopus
1000 735 1331 797 Arosiensis
1376 740 1505 797 .ccl.
1553 762 1727 802 marc.
1779 747 1931 807 dicte
1973 762 2201 811 monete
2245 755 2517 817 ‘Sueuice
2581 782 2688 837 pro
2759 792 2827 801 -
2890 785 2992 825 .cc.

618 832 848 892 florenis
892 836 1036 893 auri.

786 935 1093 1002 Restantes
1137 962 1278 1002 uero
1322 952 1404 1002 .v‘i
1445 943 1566 1019 xxj.
1611 963 1787 1004 marc.
1836 959 1889 1007 et
1934 951 2023 1026 .vj.
2090 973 2174 1011 or.
2238 957 2389 1016 dicte
2449 974 2676 1023 monete
2743 966 2992 1028 Sueuice

622 1045 974 1095 commutate
1017 1044 1248 1103 fuerunt
1289 1066 1396 1123 pro
1445 1047 1913 1123 —.xxiij.1ibr.
1954 1052 2031 1127 iij.
2078 1055 2179 1112 sol.
2227 1067 2284 1115 et
2329 1059 2424 1117 .ix.
2474 1063 2599 1122 den.
2632 1086 2812 1141 gross.
2841 1070 2991 1127 Tur·

624 1137 927 1196 onensium
973 1163 1104 1202 cum
1160 1146 1215 1221 .j.
1283 1148 1575 1223 sterlingO.
1630 1153 2018 1225 computando
2083 1158 2236 1234 .xxij.
2301 1180 2476 1222 marc.
2543 1187 2675 1226 cum
2740 1169 2989 1228 dimidia.

622 1236 778 1297 dicte
822 1253 1050 1303 monete
1095 1246 1344 1307 Sueuice
1389 1269 1495 1325 pro
1538 1249 1590 1324 .j.
1633 1249 1761 1308 libr.
1805 1271 2151 1326 grossorum.

795 1343 943 1402 Item
983 1346 1242 1424 Recepte
1285 1350 1356 1407 de
1401 1369 1578 1410 censu
1622 1352 1881 1428 predicto
1939 1357 2193 1417 eiusdem
2255 1364 2442 1440 Regni
2509 1366 2716 1429 Suecie
2776 1374 2989 1449 xxviij.

629 1460 807 1503 marc.
854 1446 1076 1522 argenti
1123 1450 1392 1525 ponderis
1438 1452 1891 1514 Stokholmensis
1936 1473 2284 1521 commutate
2327 1464 2555 1526 fuerunt
2596 1491 2703 1546 pro
2747 1494 2820 1531 .v.
2865 1476 2991 1533 libr.

619 1557 676 1605 et
721 1549 857 1607 .xix.
904 1552 1010 1612 sol.
1052 1570 1232 1626 gross„
1277 1554 1722 1617 Turonensium.
1769 1562 2157 1634 computando
2201 1583 2379 1626 marc.
2427 1573 2648 1646 argenti
2706 1595 2812 1650 pro
2853 1576 2992 1652 .iiijqr

615 1649 726 1708 sol.
770 1659 829 1709 et
869 1651 964 1728 .iij.
1015 1655 1143 1713 den.
1184 1674 1366 1732 gross.
1413 1657 1861 1718 Turonensium.

876 1956 1030 2015 dicto
1075 1977 1252 2017 censu
1301 1988 1369 1998 -
1420 1972 1784 2039 receptorum
1826 1966 1884 2025 in
1926 1970 2131 2045 Regno
2188 1990 2370 2046 gross.
2417 1974 2639 2035 Turon.
2676 1986 2734 2035 et
2755 1978 2806 2054 .j.
2842 1987 2986 2037 ster-

828 1854 1110 1914 .Summa
1189 1859 1568 1933 pecuniarum
1647 1871 1704 1920 et
1778 1866 1999 1941 argenti
2066 1868 2136 1925 de
2194 1870 2374 1929 .xxix.
2404 1871 2531 1931 libr.
2557 1873 2611 1948 ij.
2636 1875 2740 1933 sol.
2765 1875 2841 1934 ix.
2856 1879 2984 1935 den.

874 2057 1084 2118 Suecie
1127 2060 1203 2117 ad
1241 2078 1423 2136 gross.
1465 2064 1858 2125 reductorum.
2141 1874 2387 2149 {lingua

616 2251 767 2335 [ap]
872 2271 941 2280 -
994 2244 1235 2305 Summa
1278 2247 1403 2305 auri
1448 2250 1624 2327 empti
1669 2252 1740 2310 de
1786 2254 1987 2312 eadem
2031 2258 2281 2332 pecunia
2320 2260 2457 2319 dicti
2501 2283 2705 2323 census
2760 2293 2812 2302 ·-
2882 2287 2984 2325 .cc.

905 2363 1061 2403 oren.
1103 2366 1248 2405 aur1.

875 2558 939 2567 —
992 2530 1232 2591 Summa
1275 2561 1357 2572 —-
1402 2536 1528 2593 auri
1570 2538 1644 2595 de
1681 2540 1883 2597 eodem
1928 2560 2104 2602 censu
2162 2548 2381 2623 recepti
2436 2548 2493 2606 in
2560 2550 2714 2608 dicto
2778 2553 2983 2629 Regno

866 2631 1075 2694 Suecie
1119 2635 1276 2706 dviii.
1317 2638 1513 2697 floren.
1557 2640 1742 2717 parui.

782 2853 930 2911 Item
972 2855 1230 2932 Recepte
1275 2858 1347 2915 de
1392 2879 1568 2918 censu
1633 2841 1953 2922 memorato
2019 2865 2261 2924 ecclesie
2325 2869 2586 2928 Romane
2650 2873 2706 2929 in
2774 2875 2979 2950 Regno

613 2955 932 3033 Norwegie
978 2958 1196 3034 .xxxvj.
1242 2959 1368 3018 libr.
1416 2961 1531 3037 xiij.
1575 2962 1678 3021 sol.
1724 2974 1782 3022 et
1822 2985 1896 3022 .x.
1966 2967 2095 3024 den.
2158 2969 2564 3046 sterlingorum
2632 2985 2981 3034 commutate

613 3162 665 3237 .j.
710 3162 1003 3239 sterlingO.

405 3298 579 3337 mm„
777 3263 926 3322 Item
969 3266 1228 3341 Recepte
1273 3268 1343 3325 de
1389 3268 1592 3326 eodem
1637 3288 1813 3327 censu
1855 3269 1914 3327 in
1958 3271 2114 3330 dicto
2154 3275 2361 3350 Regno
2424 3277 2737 3355 Norwegie
2802 3266 2978 3357 xviij.

609 3384 790 3423 marc.
831 3368 1055 3442 argenti
1098 3369 1705 3444 ponderis.N0ricane
1748 3370 1807 3429 in
1851 3372 2006 3431 uasis
2051 3383 2108 3430 et
2149 3375 2476 3436 fracmentis
2521 3381 2759 3455 argenti.
2826 3401 2979 3439 com·

611 3475 832 3525 mutate
874 3467 1103 3526 fuerunt
1143 3488 1248 3546 pro
1297 3499 1361 3508 -
1413 3472 1504 3548 .iij.
1547 3472 1673 3529 libr.
1720 3482 1777 3529 et
1823 3473 1937 3549 xij.
1982 3494 2167 3549 gross.
2215 3478 2659 3538 Turonensium.

778 3569 928 3628 Item
971 3571 1229 3649 Recepte
1273 3573 1344 3632 de
1404 3574 1559 3632 dicto
1627 3594 1804 3633 censu
1862 3575 1920 3632 in
1984 3578 2187 3636 eodem
2250 3581 2456 3656 Regno
2520 3583 2834 3659 Norwegie
2902 3593 2982 3642 ,ve

607 3689 788 3729 xxxv.
829 3690 1006 3732 marc.
1051 3693 1183 3732 cum
1230 3676 1341 3751 xij.
1388 3674 1504 3734 oris
1549 3684 1607 3733 et
1646 3675 1880 3736 dimidio
1923 3678 2025 3737 sol.
2062 3692 2293 3738 monete
2315 3682 2610 3741 Noricane
2634 3695 2981 3745 commutate

608 3777 840 3835 fuerunt
882 3798 987 3855 pro
1037 3813 1106 3820 -
1161 3778 1336 3854 xxvj.
1379 3777 1507 3835 libr.
1552 3797 1649 3837 xv.
1693 3778 1798 3838 sol.
1844 3790 1900 3837 et
1965 3800 2037 3840 .x.
2109 3783 2256 3872 den..
2302 3802 2433 3840 cum
2501 3784 2736 3844 dimidio
2801 3807 2980 3864 gross,

611 3880 1058 3940 Turonensium.
1137 3882 1527 3957 computando
1606 3901 1784 3939 marc.
1852 3883 1981 3940 den.
2046 3903 2152 3959 pro
2218 3883 2269 3958 .j.
2334 3885 2436 3943 sol.
2471 3905 2683 3962 ¹gross.
2749 3891 2978 3949 Turon-

607 3981 851 4042 ensium.

777 4083 927 4141 Item
968 4085 1227 4162 Recepte
1272 4085 1342 4142 de
1389 4103 1564 4143 censu
1610 4085 1871 4160 predicto
1916 4086 2169 4145 eiusdem
2214 4089 2419 4164 Regno
2472 4090 2784 4166 Norwegie
2826 4093 2979 4169 xiiij,

604 4185 712 4244 sol.
758 4195 988 4244 monete
1031 4185 1280 4247 Sueuice
1326 4186 1424 4262 qui
1469 4187 1686 4244 uenditi
1729 4187 1961 4246 fuerunt
2002 4207 2109 4265 pro
2154 4218 2233 4226 —
2282 4189 2374 4263 .vj.
2431 4191 2556 4249 den.
2599 4211 2781 4267 gros&
2826 4195 2978 4252 Tur-

606 4286 921 4345 onensium.
