3534 5361
1664 380 1776 438 181

535 564 813 613 Residuum
850 580 973 613 uero
1014 579 1171 627 vsque
1207 565 1272 613 ad
1308 565 1588 627 predictam
1635 566 1881 614 maiorem
1934 579 2198 614 summam.
2251 564 2488 613 videlicet
2541 562 2672 625 ‚iiijos
2716 563 2910 612 milium

538 651 868 698 ducentarum
906 658 1023 698 octo
1059 648 1380 697 marcharum
1416 656 1468 697 et
1503 650 1716 697 duarum
1753 665 1954 698 orarum
1991 647 2087 697 suit
2123 649 2171 697 in
2208 648 2345 698 dieta
2379 664 2535 713 parue
2571 657 2774 697 monete
2805 648 2910 697 No-

538 734 723 782 rieana.
812 734 951 783 Jtem
989 735 1050 782 de
1088 733 1302 782 ecclesia
1339 743 1391 782 et
1424 734 1628 797 dyocesi
1663 735 1925 797 Bergensi‚
1962 733 2104 782 cuius
2141 734 2314 782 totalis
2353 749 2548 782 summa
2584 735 2810 782 ascendit
2845 735 2909 782 ad

539 820 639 866 duo
676 819 816 867 milia
850 819 1198 882 septingentas
1233 818 1467 867 marchas
1517 820 1649 867 dicte
1701 834 1860 882 parue
1917 827 2135 867 monete.
2230 818 2300 866 Jn
2358 833 2457 880 qua
2514 820 2659 867 totali
2714 834 2912 867 summa

539 902 725 951 suerint
760 902 970 952 incluse.
1009 904 1286 964 nonaginta
1321 919 1428 952 sex,
1466 905 1671 953 marche
1708 904 1905 967 argenti
1943 910 2240 967 computate
2258 918 2350 965 pro
2378 902 2615 951 trecentis
2641 903 2911 966 sexaginta

540 988 770 1036 marchis,
858 988 999 1037 ,Item
1053 988 1317 1050 octoginta
1367 989 1545 1037 floreni
1599 989 1708 1038 auri
1762 988 2042 1051 computati
2095 1004 2187 1050 pro
2225 989 2488 1050 octoginta
2524 988 2742 1037 marchis
2779 989 2910 1037 dicte

538 1087 691 1135 parue
728 1081 946 1121 monete.
1017 1072 1295 1121 Residuum
1355 1087 1495 1120 uero,
1555 1088 1709 1136 vsque
1769 1075 1836 1121 ad
1888 1074 2074 1121 dictam
2121 1087 2386 1121 summam.
2422 1073 2659 1121 videlieet
2695 1073 2910 1122 duorum

538 1158 729 1206 milium
767 1165 818 1205 et
853 1158 1286 1220 septingentarum
1338 1158 1677 1207 marcharum.
1739 1158 1790 1206 in
1849 1158 1986 1206 dicta
2042 1173 2204 1221 parua
2259 1166 2468 1206 moneta
2525 1157 2635 1216 suit,
2685 1158 2803 1207 item
2849 1160 2911 1207 de

537 1243 752 1291 ecclesia
787 1251 839 1291 et
872 1243 1077 1306 dyocesi
1113 1240 1543 1301 *Graniandensh
1580 1245 1723 1292 euius
1772 1258 1970 1291 summa
2018 1244 2261 1304 ascendit,
2307 1243 2371 1290 ad
2426 1243 2694 1291 duodecim
2739 1244 2909 1292 libras.

537 1334 589 1376 et
623 1327 1002 1391 quatuordecim
1041 1327 1234 1376 solidos
1271 1342 1562 1388 grossorum
1599 1321 1986 1377 Turonensium.
2070 1328 2208 1377 Jtem
2258 1330 2318 1376 de
2356 1328 2681 1391 septuaginta
2716 1329 2910 1377 duabus

538 1413 755 1462 marchis
810 1414 1171 1475 sterlingorum
1218 1414 1430 1475 receptis
1477 1414 1539 1461 de
1593 1414 1791 1462 decima
1845 1414 2056 1462 ecclesie
2109 1413 2435 1463 orcadensis.
2526 1411 2684 1462 Cuius
2738 1413 2913 1462 totalis

538 1512 733 1546 summa
768 1497 1001 1547 ascendit
1035 1499 1099 1546 ad
1138 1500 1384 1547 ducentas
1421 1499 1790 1560 quinquaginta
1828 1514 1920 1547 sex
1957 1498 2190 1547 marchas
2226 1498 2603 1560 sterlingorum.
2675 1498 2814 1546 Jtem
2851 1500 2912 1547 de

538 1582 824 1644 quingentis
861 1584 1038 1632 decem
1074 1591 1190 1632 octo
1227 1583 1447 1632 marchis
1484 1591 1533 1632 et
1568 1583 1728 1632 tribus
1767 1583 1869 1632 oris
1905 1599 2061 1647 parue
2088 1590 2288 1632 monete
2314 1582 2568 1632 Noricane
2600 1584 2814 1645 receptis
2852 1585 2912 1632 de

538 1668 733 1716 decima
769 1668 980 1717 ecclesie
1006 1668 1417 1730 StanangrensiS‚
1444 1669 1586 1716 cuius
1624 1668 1799 1717 totalis
1836 1683 2033 1716 summa
2069 1668 2205 1716 mille
2243 1669 2610 1731 quadringente
2633 1669 2915 1731 nonaginta

539 1760 758 1814 quatuor
791 1756 1021 1802 marcha>
1099 1753 1239 1804 Jtem
1293 1754 1354 1802 de
1408 1753 1623 1802 ecelesia
1674 1760 1726 1802 et
1774 1753 1960 1802 diocesi
2000 1752 2256 1810 Osloensi‚
2305 1754 2447 1801 euius
2485 1754 2660 1802 totalis
2699 1770 2912 1804 summa.

538 1839 766 1886 ascendit
801 1839 866 1887 ad
904 1838 1123 1901 quinque
1159 1838 1300 1887 milia
1336 1839 1462 1886 duas
1499 1838 1733 1887 marchas
1771 1853 1886 1886 cum
1924 1838 2148 1885 dimidia.
2184 1845 2236 1885 et
2273 1838 2530 1886 dimidiam
2579 1852 2720 1886 oram
2758 1855 2915 1902 parue

539 1929 742 1971 monete
778 1922 1047 1972 Norieane.
1097 1922 1166 1973 Jn
1203 1939 1303 1986 qua
1348 1923 1495 1973 totali
1548 1939 1762 1972 summa.
1823 1922 2029 1971 suerunt
2081 1921 2274 1969 incluse
2328 1922 2697 1985 quadringente
2733 1939 2917 1973 nouem

539 2007 743 2055 marche
779 2016 883 2056 tam
919 2009 971 2055 in
1008 2008 1280 2071 sterlingis.
1335 2024 1486 2072 quam
1538 2009 1590 2056 in
1641 2007 1939 2069 fragmentis
1994 2006 2248 2068 argenteis
2302 2016 2596 2071 computate
2647 2024 2740 2071 pro
2777 2008 2917 2056 mille

539 2092 794 2139 sexcentis
832 2093 1173 2155 quadraginta
1209 2100 1260 2142 et
1296 2108 1388 2142 sex
1424 2094 1642 2142 marchis
1679 2095 1811 2141 dicte
1848 2106 2003 2156 parue
2039 2099 2254 2140 monete.
2336 2092 2616 2141 Residuum
2663 2109 2785 2142 uero
2822 2093 2919 2142 suit

540 2189 696 2238 vsque
732 2176 796 2223 ad
835 2178 1024 2225 dietam
1061 2192 1309 2227 summam
1345 2178 1585 2229 uidelicet
1619 2178 1839 2241 quinque
1884 2176 2037 2226 milia.
2099 2177 2225 2224 duas
2276 2177 2510 2226 marchas
2559 2193 2673 2226 cum
2710 2178 2919 2228 dimidia

543 2267 593 2307 et
629 2259 839 2309 dimidia
875 2276 966 2310 ora
1001 2262 1133 2310 dicte
1170 2278 1326 2326 parue
1360 2271 1564 2312 monete
1602 2263 1807 2312 vsualis.
1879 2260 2016 2311 Jtem
2054 2261 2115 2309 de
2153 2260 2368 2309 ecelesia
2405 2268 2456 2310 et
2493 2263 2683 2311 diocesi
2701 2261 2918 2311 Hamar-

540 2346 662 2393 ensi.
701 2346 843 2395 euius
881 2346 1053 2395 totalis
1091 2362 1289 2395 summa
1324 2348 1553 2396 aseendit
1586 2363 1741 2410 vsque
1778 2347 1841 2395 ad
1879 2345 2017 2393 mille
2055 2345 2355 2408 quingentas
2409 2356 2459 2394 et
2513 2355 2614 2397 tres
2667 2347 2916 2396 marchas.

538 2445 694 2493 parue
732 2439 937 2480 monete
970 2429 1246 2480 Noricane.
1341 2433 1411 2481 Jn
1470 2449 1569 2495 qua
1629 2432 1778 2481 totali
1835 2446 2046 2479 summa.
2103 2429 2310 2479 fuerunt
2356 2431 2551 2480 incluse
2586 2447 2678 2481 sex
2713 2432 2918 2481 marche

540 2515 739 2576 argenti
777 2523 1068 2579 computate
1102 2532 1196 2580 pro
1234 2518 1408 2565 decem
1456 2526 1508 2566 et
1555 2526 1673 2567 octo
1726 2517 1946 2567 marchis
2001 2517 2133 2565 dicte
2186 2530 2341 2579 parue
2393 2525 2595 2566 monete
2645 2516 2916 2566 Noricane.

539 2599 818 2649 Residuum
853 2615 974 2649 uero
1011 2614 1168 2663 usque
1204 2603 1270 2650 ad
1306 2601 1495 2650 dictam
1532 2617 1783 2651 summam
1820 2602 2058 2651 uidelicet
2093 2601 2231 2650 mille
2256 2602 2650 2664 quingentarum
2675 2603 2917 2665 quinqua-

540 2685 683 2747 ginta
717 2686 869 2734 trium
903 2687 1227 2736 marcharum
1262 2686 1359 2738 suit
1393 2688 1444 2737 in
1482 2689 1616 2737 dicta
1651 2705 1813 2752 parua
1847 2688 2063 2753 pecunia
2096 2687 2369 2737 Noricana.
2408 2704 2503 2752 que
2539 2688 2707 2737 omnia
2743 2702 2918 2751 supra-

542 2770 746 2834 scripta,
785 2780 990 2834 recepta
1025 2778 1077 2820 et
1110 2772 1298 2821 leuata.
1337 2771 1542 2822 suerunt
1576 2776 1642 2822 ad
1677 2773 1937 2822 marcham
1974 2772 2301 2822 Norieanam.
2391 2773 2531 2822 Jtem
2585 2773 2646 2821 de
2700 2771 2918 2820 eeclesia

541 2863 591 2903 et
626 2856 814 2904 diocesi
847 2855 1138 2919 Vpsalensi.
1190 2858 1244 2906 in
1295 2873 1455 2920 regno
1503 2858 1694 2907 Swecie
1732 2857 1875 2906 cuius
1913 2858 2105 2906 decime
2142 2858 2316 2906 totalis
2355 2872 2551 2906 summa
2587 2855 2816 2905 ascendit
2852 2856 2916 2903 ad

542 2939 638 2988 tria
672 2938 830 2988 milia.
870 2939 1192 3004 octingentas
1231 2943 1438 3005 triginta
1475 2944 1602 2992 duas
1638 2942 1872 2991 marchas
1907 2950 2199 2991 numeratas
2236 2943 2300 2990 ad
2336 2943 2544 2991 modum
2576 2940 2766 2990 Swecie
2802 2954 2917 2988 cum

541 3023 737 3072 duabus
774 3023 876 3073 oris
912 3025 1045 3074 dicte
1080 3014 1416 3090 monete3que
1453 3026 1657 3090 quidem
1691 3042 1890 3075 summa
1923 3028 2135 3090 pecunie
2172 3027 2269 3076 fuit
2302 3033 2614 3075 commutata
2642 3024 2702 3086 jn
2739 3040 2918 3087 argen-

541 3117 664 3156 tum.
702 3108 844 3158 euius
881 3110 1077 3170 argenti
1116 3125 1314 3159 summa
1349 3112 1594 3170 aseendit,
1633 3114 1698 3161 ad
1733 3112 2082 3174 septingentas
2125 3111 2451 3176 septuaginta
2497 3110 2729 3159 marchas
2781 3124 2917 3173 pon-

540 3194 758 3241 deratas,
852 3193 993 3242 Jtem
1048 3194 1109 3242 de
1162 3194 1379 3243 eeclesia
1430 3202 1482 3244 et
1528 3195 1718 3247 diocesi
1773 3195 2137 3259 Strenginensi.
2178 3196 2408 3244 ascendit
2443 3209 2642 3244 summa
2677 3194 2742 3242 ad
2779 3193 2918 3242 mille

543 3278 905 3339 septingentas.
943 3280 1269 3341 septuaginta
1304 3287 1498 3342 septem
1544 3281 1778 3329 marchas
1827 3288 2119 3329 numeratas
2179 3281 2244 3329 ad
2303 3281 2507 3329 modum
2569 3278 2775 3329 Swecie.
2848 3278 2917 3329 Jn

539 3377 640 3424 qua
675 3362 823 3410 totali
860 3378 1071 3410 summa.
1110 3363 1317 3412 fuerunt
1350 3366 1545 3414 incluse
1581 3375 1784 3414 centum
1821 3365 2033 3427 triginta
2067 3365 2271 3413 marche
2308 3365 2359 3413 in
2397 3363 2695 3427 fragmentis
2721 3364 2917 3426 argenti

538 3448 603 3494 ad
637 3438 838 3510 pondus
875 3449 936 3496 de
974 3446 1302 3497 Stocholmis.
1344 3465 1440 3512 que
1488 3458 1782 3513 computate
1838 3449 2041 3498 suerunt
2098 3465 2189 3513 pro
2243 3450 2497 3499 sexcentis
2552 3448 2919 3512 quinquaginta

536 3530 754 3580 marchis
792 3533 1069 3580 numeratis
1108 3532 1241 3581 dicte
1275 3542 1493 3582 monete.
1585 3536 1866 3584 Residuum
1922 3551 2041 3584 uero
2100 3550 2258 3598 usque
2310 3536 2375 3583 ad
2433 3537 2620 3584 dictam
2670 3550 2917 3582 summam

536 3616 633 3665 fuit
661 3617 721 3679 jn
756 3632 918 3680 parua
952 3617 1168 3680 pecunia
1203 3618 1517 3667 Sweuicana.
1589 3620 1727 3669 Jtem
1763 3621 1824 3669 de
1850 3620 2066 3668 ecclesia
2090 3629 2141 3668 et
2166 3620 2350 3669 diocesi
2378 3619 2680 3683 Lincopensi
2705 3627 2918 3683 excepta

537 3705 703 3752 insula
739 3706 994 3752 duntaxat
1031 3701 1275 3752 Gutland.
1315 3704 1457 3753 cuius
1495 3721 1693 3755 summa
1727 3706 1960 3780 ascendit
1995 3707 2060 3754 ad
2085 3707 2182 3754 tria
2206 3704 2361 3753 milia.
2383 3704 2728 3767 septingentas
2760 3720 2918 3754 nona-

538 3789 679 3850 ginta
715 3799 766 3837 et
801 3803 952 3836 vnam
990 3789 1248 3836 marcham
1287 3788 1419 3836 dicte
1455 3790 1667 3851 pecunie
1698 3790 2012 3840 Sweuieane.
2051 3789 2119 3838 Jn
2158 3806 2257 3853 qua
2292 3790 2439 3839 totali
2480 3805 2678 3839 summa
2714 3790 2919 3840 suerunt

537 3873 730 3921 incluse
769 3880 992 3922 trecente
1029 3873 1258 3921 vndecim
1296 3874 1501 3922 marche
1538 3883 1588 3923 et
1625 3891 1715 3923 sex
1765 3892 1853 3924 ore
1907 3875 2120 3938 argenti.
2215 3875 2354 3924 ‚Item
2417 3875 2683 3923 duodecim
2742 3875 2915 3924 floreni

537 3958 646 4006 auri
682 3974 777 4007 sex
813 3958 971 4006 libere
1008 3959 1248 4007 tredecim
1285 3959 1434 4007 solidi
1483 3975 1775 4021 grossorum
1828 3960 2218 4009 Turonensium.
2272 3963 2369 4009 due
2421 3960 2547 4008 libre
2602 3967 2702 4007 tres
2754 3959 2916 4009 solidi.

537 4059 651 4092 cum
690 4045 850 4093 tribus
889 4042 1108 4104 denarijs
1147 4044 1522 4106 sterlingorum.
1560 4046 1739 4107 viginti
1785 4047 1887 4094 duo
1935 4046 2082 4094 solidi
2120 4053 2171 4093 et
2206 4053 2321 4093 octo
2359 4043 2548 4103 denarij
2589 4045 2916 4093 Boemorum.

538 4128 675 4177 Jtem
714 4129 812 4176 due
847 4129 1054 4177 marche
1092 4136 1142 4177 et
1177 4143 1276 4176 rna
1314 4143 1406 4177 ora
1441 4143 1555 4176 eum
1592 4130 1804 4178 dimidio
1843 4130 2010 4179 solido
2057 4131 2182 4178 auri.
2246 4144 2340 4191 que
2400 4129 2566 4177 omnia
2622 4137 2918 4191 computata

537 4213 743 4262 fuerunt
773 4213 833 4273 jn
871 4214 1007 4261 dicta
1044 4213 1191 4261 totali
1228 4229 1427 4262 summa
1462 4229 1554 4275 pro
1593 4215 1728 4262 mille
1764 4216 2038 4278 nongentis
2093 4213 2432 4277 quadraginta
2487 4213 2646 4260 tribus
2699 4213 2917 4261 marchis

538 4298 757 4360 quinque
794 4298 897 4346 oris
935 4306 986 4346 et
1025 4308 1142 4345 octo
1182 4297 1402 4360 denarijs
1439 4300 1732 4348 numeratis.
1824 4300 1961 4349 Jtem
2014 4302 2074 4349 de
2123 4298 2340 4347 ecclesia
2377 4305 2426 4344 et
2463 4297 2653 4345 diocesi
2687 4295 2918 4345 Vexion·

537 4384 660 4431 ensi.
702 4382 844 4430 cuius
882 4397 1082 4430 summa
1116 4382 1359 4442 aseendit,
1397 4383 1463 4431 ad
1498 4382 1742 4432 ducentas
1781 4384 2051 4445 sexaginta
2088 4383 2213 4431 duas
2250 4382 2500 4431 marchas.
2558 4390 2609 4429 et
2660 4396 2752 4429 sex
2802 4397 2917 4429 oras

538 4468 671 4516 dicte
707 4466 919 4531 pecunie
955 4481 1068 4516 cum
1107 4468 1324 4515 sedecim
1362 4467 1584 4529 denarijs
1621 4470 1914 4517 numeratis,
1970 4467 2041 4516 Jn
2093 4483 2193 4531 qua
2251 4466 2402 4515 totali
2461 4482 2659 4514 summa
2717 4465 2919 4514 suerunt
2974 4469 2984 4477 '

539 4552 732 4600 incluse
770 4560 990 4614 quatuor
1024 4552 1230 4600 marche
1267 4559 1318 4600 et
1353 4567 1450 4599 vna
1485 4567 1575 4600 ora
1611 4551 1812 4614 argenti
1849 4551 2027 4614 viginti
2066 4560 2181 4601 octo
2208 4551 2372 4601 solidi.
2401 4559 2453 4599 et
2477 4551 2694 4614 quinque
2722 4551 2914 4613 denarij

539 4651 834 4699 grossorum
870 4635 1259 4684 Turonensium.
1299 4635 1635 4698 quadraginta
1677 4651 1807 4684 vnus
1854 4635 2044 4683 solidus
2093 4645 2145 4685 et
2197 4644 2415 4698 quatuor
2469 4634 2662 4696 denarij
2718 4635 2918 4683 sterlin-

539 4736 736 4782 gorum.
776 4735 963 4768 nouem
1001 4720 1150 4768 solidi
1187 4728 1238 4768 et
1273 4729 1494 4782 quatuor
1530 4719 1721 4781 denarij
1761 4720 1956 4781 argenti
1995 4721 2057 4768 de
2095 4718 2365 4777 ÷÷Betonia⁹
2393 4735 2487 4781 que
2519 4720 2687 4767 omnia
2717 4717 2917 4770 suerunt
