3534 5361
371 586 435 624 rol.
452 586 554 625 27.b.

1733 378 1810 444 52

742 574 890 631 Item
959 574 1331 650 deposuimus
1397 593 1573 648 penes
1641 572 1967 630 Arnaldum
2037 572 2107 627 de
2170 570 2535 637 BossonesiO,
2583 582 2958 627 mercatorem

573 673 1081 750 Montispessulani
1126 701 1207 710 --
1260 674 1346 747 ‚ijs
1395 695 1565 731 marc.
1612 693 1794 749 parue
1861 671 2104 748 pecunie
2167 671 2476 728 Noricane.
2565 671 2682 727 Pro
2752 671 2961 746 quibus

573 775 772 832 debuit
814 775 1041 833 soluere
1087 775 1290 850 Bergis
1335 775 1390 832 in
1447 774 1591 832 festo
1631 773 1785 831 beati
1855 772 2122 829 Iohannis
2181 772 2430 829 babtiste
2496 772 2763 847 proximo
2831 791 2958 847 pre-

570 876 739 932 terito
792 907 858 913 m
906 875 998 949 fij.
1041 876 1144 933 sol.
1190 876 1344 933 stcrl.
1388 896 1491 951 pro
1535 875 1794 952 qualibet
1843 893 2035 929 marca
2090 901 2155 910 —
2210 873 2427 930 Valent
2465 891 2626 930 .xxx.
2650 871 2774 930 libr.
2801 873 2956 930 sterl.

739 978 886 1034 Item
935 977 1308 1052 deposuimus
1355 997 1530 1052 penes
1576 978 1710 1033 diim
1759 978 2057 1033 Arnonem
2117 974 2456 1032 canonicum
2526 974 2959 1032 Nidrosiensem

578 1108 647 1116 —
698 1097 813 1135 .xx.
859 1099 1035 1137 marc.
1080 1097 1262 1153 parue
1310 1080 1552 1154 pecunie
1594 1079 1890 1137 Noricane
1937 1105 2017 1113 -·
2062 1076 2179 1133 Pro
2225 1076 2436 1151 quibus
2479 1075 2674 1132 debuit
2732 1074 2959 1132 soluere

571 1178 777 1254 Bergis
820 1178 877 1236 in
923 1180 1078 1238 dicto
1123 1179 1266 1236 festo
1311 1180 1494 1238 sancti
1563 1179 1836 1237 Iohannis
1899 1178 2149 1235 babtiste
2217 1177 2311 1252 dij.
2380 1178 2485 1234 sol.
2553 1176 2958 1252 sterlingorum

571 1300 676 1355 pro
719 1279 979 1356 qualibet
1022 1300 1220 1339 marca
1267 1311 1339 1319 —
1391 1282 1611 1339 Valent
1657 1280 1754 1337 .lx.
1804 1280 1907 1336 sol.
1950 1278 2105 1337 sterl.

737 1381 887 1439 Item
933 1383 1304 1458 deposuimus
1348 1403 1525 1459 penes
1571 1382 1705 1439 dfim
1776 1381 1989 1439 Olaum
2050 1380 2283 1437 militem
2355 1381 2425 1436 de
2493 1379 2698 1456 Bergis
2762 1379 2958 1453 xxiiij.

574 1502 745 1539 marc.
791 1494 1020 1540 monete
1065 1485 1358 1542 Noricane
1404 1514 1482 1521 ——
1531 1503 1635 1559 pro
1678 1483 1891 1559 quibus
1934 1481 2199 1558 deposuit
2265 1482 2321 1537 in
2393 1481 2655 1538 sacristia
2718 1481 2959 1539 ecclesie

571 1585 882 1659 Bergensis
926 1586 1171 1661 pignora
1216 1598 1507 1661 argentea.
1554 1595 1613 1655 et,
1652 1584 1853 1640 debuit
1908 1583 2136 1640 soluere
2201 1583 2407 1655 Bergis
2470 1582 2525 1638 in
2594 1583 2749 1641 dieto
2817 1583 2959 1639 festo

570 1686 753 1743 saneti
790 1686 1065 1744 Iohannis
1109 1716 1190 1726 -—
1235 1687 1441 1761 iij.sol.
1476 1685 1881 1760 sterlingorum
1918 1704 2021 1760 pro
2071 1684 2326 1759 qualibet
2374 1703 2571 1743 marca
2619 1714 2694 1722 --
2744 1684 2960 1741 Valent

571 1786 752 1860 .lxxij.
803 1787 906 1846 sol.
953 1788 1377 1866 sterlingorum.

739 1890 887 1946 Item
937 1890 1306 1965 deposuimus
1348 1906 1526 1966 penes
1572 1889 1964 1946 Raitnundum
2012 1889 2082 1943 de
2132 1888 2389 1944 Lamena
2435 1888 2505 1943 de
2553 1887 2956 1962 Montepessu-

570 1989 724 2060 lano,
771 1990 1137 2050 domicellum
1184 1993 1336 2066 regis
1378 1990 1691 2066 Norwcgie
1740 1990 1831 2046 .vi.
1879 1990 2141 2045 mars-has
2186 1987 2256 2061 ,ij.
2302 1988 2500 2045 vncias
2547 1998 2600 2045 et
2650 1973 2719 2060 ij.
2749 1987 2959 2043 tercios

573 2091 738 2149 vncie
782 2111 964 2168 parue
1007 2096 1234 2175 monete
1278 2093 1590 2151 Noricane.
1639 2110 1744 2166 pro
1791 2092 2000 2166 quibus
2070 2089 2268 2146 debuit
2335 2089 2562 2145 soluere
2630 2088 2835 2163 Bel-gis
2903 2088 2956 2143 in

572 2191 727 2249 dieto
767 2192 912 2252 festo
956 2195 1141 2252 sancti
1189 2194 1463 2252 Iohannis
1509 2193 1600 2250 .iii.
1645 2192 1860 2251 solidos
1884 2191 2290 2265 sterlingorum
2318 2209 2424 2266 pro
2456 2189 2715 2265 qualibet
2743 2209 2955 2246 marca.

571 2322 655 2332 —-
699 2293 917 2351 Valent
961 2295 1098 2352 .xix.
1142 2296 1246 2353 sol.
1288 2295 1713 2370 sterlingorum.

740 2397 890 2453 Item
934 2396 1305 2472 deposuimus
1350 2395 1556 2470 Bergis
1602 2395 1656 2452 in
1703 2392 1967 2452 sacristia
2012 2391 2253 2449 ecclesie
2300 2393 2613 2467 Bergensis
2644 2393 2784 2449 ‚xix.
2810 2411 2958 2449 mar-

573 2496 710 2552 chas
754 2497 975 2572 argenti
1023 2498 1097 2554 ad
1142 2497 1369 2572 pondus
1405 2497 1785 2555 Noricanum.
1855 2513 2000 2570 quas
2068 2493 2308 2552 emimus
2354 2495 2425 2550 ‹le
2470 2493 2666 2567 ‚lxxvj.
2713 2493 2961 2550 marchis

572 2616 754 2672 parue
799 2610 1026 2655 monete
1070 2599 1383 2670 Noricane,
1432 2607 1767 2674 computata
1814 2595 2074 2672 qualibet
2120 2614 2316 2652 marca
2376 2594 2599 2670 argenti
2667 2614 2774 2669 pro
2820 2593 2959 2667 .iiij⁰.r

573 2717 748 2757 marc.
792 2719 975 2776 parue
1019 2710 1244 2758 monete
1287 2700 1599 2759 Noricane.

740 2801 834 2858 De
878 2801 1151 2877 predictis
1196 2800 1471 2877 depositis
1515 2802 1734 2876 recepit
1766 2800 2147 2857 instrumenta
2184 2798 2356 2872 Magf.
2402 2797 2602 2856 Guido
2626 2797 2697 2854 de
2722 2798 2951 2853 Auena.

928 3020 1170 3081 Summa
1212 3021 1603 3096 depositorum
1651 3018 1861 3096 pagine
1910 3047 1987 3054 -—
2034 3017 2134 3092 ‚iij‘i
2179 3016 2337 3073 xxvi.
2398 3036 2572 3073 marc.
2630 3014 2683 3082 ij.
2730 3035 2861 3072 vnc.
2910 3014 2963 3087 ij.

1722 3102 1883 3177 tercij
1931 3102 2099 3160 vncie
2145 3120 2328 3177 parue
2372 3110 2601 3158 monete
2645 3099 2959 3157 Noricane.

2203 3186 2341 3242 .xix.
2388 3204 2567 3243 marc.
2615 3184 2842 3259 argenti
2890 3184 2965 3239 ad

659 3233 791 3314 [αρ’]
929 3316 971 3377 S
1361 3318 1373 3330 .
1470 3318 1483 3330 .
1673 3340 1677 3342 Α
1917 3314 1948 3346 ἱ.
2282 3270 2511 3347 pondus
2577 3269 2959 3327 Noricanum.

974 3336 1168 3374 nmina
1190 3317 1405 3376 valoris
1430 3319 1712 3374 dictorum
1750 3315 2143 3388 depositorum
2200 3355 2418 3429 ‘xxxvj‘
2484 3354 2614 3411 libr·
2685 3353 2783 3427 xij·
2853 3352 2958 3410 sol·

2280 3439 2705 3514 sterlingorum.

928 3646 1167 3705 Summa
1209 3646 1579 3706 Summarum
1622 3645 1909 3701 dictorum
1956 3644 2356 3718 depositorum
2428 3642 2499 3698 de
2553 3651 2787 3698 moneta
2837 3642 2960 3699 No·

1010 3747 1210 3805 ricana
1255 3756 1339 3805 est
1388 3775 1457 3783 --
1515 3746 1606 3821 ,ijr
1653 3745 1941 3819 vjquxv.
1996 3764 2171 3803 marc.
2221 3744 2295 3799 vi.
2348 3763 2479 3799 vne.
2526 3742 2821 3822 cumvai.
2862 3742 2960 3798 de-

719 3908 723 3911 .
1010 3848 1203 3919 uariis.

658 3893 789 3973 [ap]
1128 3908 1139 3922 ⁶

1590 3968 1682 4005 ‚1n.
1729 3947 1813 4020 vjc.
1856 3946 1995 4023 xiiij.
2044 3948 2169 4004 flor.
2218 3945 2363 4003 auri.

969 4053 1210 4113 Summa
1276 4052 1490 4109 valoris
1539 3950 1659 4215 {.c.
1707 4051 1835 4107 libr.
1884 4051 1920 4107 i.
1968 4048 2072 4108 sol.
2118 4048 2195 4104 vi.
2245 4048 2375 4103 den.
2422 4046 2676 4121 sterling.
2714 4045 2953 4122 argentj.

1590 4152 1727 4209 .xix.
1776 4171 1953 4209 marc.
1983 4150 2207 4224 argenti
2232 4149 2304 4206 ad
2330 4148 2556 4224 pondus
2576 4148 2957 4206 Noricanum.

740 4340 814 4397 Et.
859 4341 941 4398 sic
985 4350 1164 4398 restat
1209 4341 1280 4397 de
1326 4339 1574 4414 pecunia
1615 4338 1916 4396 Noricana
1984 4336 2248 4396 deductis
2320 4334 2489 4392 dictis
2557 4334 2833 4410 depositis
2884 4368 2952 4376 -—

573 4442 666 4516 ‚ijr
699 4441 873 4515 xciiij.
922 4460 1097 4499 marc.
1143 4440 1239 4515 iiij.
1287 4460 1418 4497 vnc.
1466 4439 1608 4514 xxij.
1656 4440 1853 4496 denar.
1905 4448 2133 4496 monete
2177 4436 2496 4495 Noricane.

1457 4639 1770 4646 —————-—-—
1783 4640 1846 4644 ἡ..-
1859 4639 2003 4644 γ,ᾈ,-...-.-
2059 4639 2066 4644 ,
