3534 5361
1699 319 1813 376 171

1311 553 1409 612 54.
1503 555 1679 613 1326.
1766 555 1923 612 29de
1966 554 2220 630 August.

703 668 970 719 Johannes
1023 667 1294 731 episcopus
1331 684 1370 717 s.
1408 686 1448 718 s.
1488 670 1534 718 d.
1571 669 1851 719 venerabili
1903 669 2049 719 fratri
2084 704 2096 717 .
2135 704 2147 716 .
2197 668 2581 731 archiepiscopo
2633 667 2950 718 Nidrosiensi

567 754 785 802 salutem
822 760 874 802 et
907 752 1129 817 apostol.
1166 752 1591 803 benedictionem.
1680 753 1921 804 Seniente
1958 754 2233 803 crudeliter
2264 754 2316 801 in
2352 752 2565 801 diuersis
2602 751 2761 802 Jtalie
2795 754 2952 817 parti·

566 838 660 885 bus
697 838 944 886 aduersus
983 839 1132 886 deum
1169 834 1220 886 et
1253 837 1404 886 fidem
1442 838 1750 887 catholicam
1782 837 2124 887 hereticorum
2160 845 2213 887 et
2245 836 2526 886 infidelium
2561 846 2952 901 presumptuosa

567 922 803 986 superbia
838 929 890 971 et
923 936 1013 971 sue
1050 936 1247 971 uenena
1281 921 1510 984 nequicie
1545 937 1651 971 non
1685 923 1877 986 absque
1912 922 2155 985 grauibus
2203 921 2441 986 periculis
2489 919 2822 983 diffundente,
2857 938 2951 987 pro

568 1006 880 1070 repressione
928 1006 1271 1055 hereticorum
1320 1012 1372 1056 et
1420 1006 1698 1055 infidelium
1752 1007 2046 1056 huiusmodi
2099 1014 2151 1057 et
2206 1008 2433 1056 eiusdem
2487 1005 2781 1056 defensione
2834 1007 2953 1055 fidei

566 1091 782 1140 eeclesia
814 1092 1052 1141 Romana
1087 1105 1183 1154 que
1219 1090 1377 1153 uarijs
1415 1084 1661 1155 oppressa
1695 1091 2085 1141 necessitatibus
2123 1092 2189 1140 ad
2224 1092 2627 1155 supportandum
2672 1091 2951 1141 multorum

566 1176 815 1225 sarcinam
851 1191 1062 1226 onerum
1099 1175 1500 1225 incumbentium
1537 1191 1603 1225 ex
1638 1176 1898 1240 premissis
1933 1191 2024 1241 per
2057 1189 2112 1224 se
2146 1191 2249 1226 non
2286 1175 2490 1236 sufficit,
2529 1183 2672 1226 tuum
2706 1177 2867 1226 frater
2901 1185 2953 1227 et

565 1260 780 1309 aliorum
819 1260 1032 1310 ecclesie
1069 1267 1348 1310 memorate
1385 1262 1588 1325 cogitur
1621 1261 1904 1310 subsidium
1940 1260 2226 1323 implorare.
2316 1259 2448 1310 Cum
2498 1267 2671 1310 autem
2718 1267 2825 1311 tam
2860 1261 2952 1310 tibi

566 1359 716 1407 quam
755 1345 953 1395 dilectis
988 1344 1108 1408 filijs
1145 1346 1414 1396 abbatibus
1452 1348 1705 1412 prioribus
1741 1344 1980 1410 capitulis
2017 1344 2252 1408 collegijs
2288 1352 2339 1394 et
2374 1346 2633 1395 nonnullis
2670 1345 2786 1408 alijs
2838 1361 2951 1409 per-

566 1428 706 1477 sonis
743 1429 1099 1479 ecclesiasticis
1136 1436 1339 1480 tuarum
1375 1431 1597 1480 ciuitatis
1618 1439 1685 1488 ‚et
1718 1430 1934 1480 diocesis
1970 1438 2202 1495 patentes
2238 1429 2434 1479 litteras
2471 1437 2523 1479 et
2559 1429 2804 1494 speciales
2822 1445 2951 1480 nun·

566 1513 673 1561 cios
710 1520 918 1577 propter
952 1514 1051 1563 hoc
1089 1516 1414 1566 destinemus.
1451 1515 1829 1565 fraternitatem
1863 1521 2005 1563 tuam
2039 1529 2281 1578 rogamus
2318 1522 2369 1563 et
2404 1516 2670 1565 hortamur
2686 1516 2951 1577 attentiuS,

566 1596 806 1660 quatinus
842 1599 1231 1649 necessitatibus
1265 1600 1558 1649 huiusmodi
1594 1600 1767 1662 utique
1804 1599 2079 1662 grandibus
2126 1606 2177 1648 et
2212 1614 2317 1648 non
2351 1615 2533 1664 parum
2568 1600 2865 1664 urgentibus
2902 1606 2954 1649 et

565 1681 680 1743 alijs
718 1684 968 1732 contentis
1005 1684 1057 1732 in
1093 1684 1277 1734 litteris
1312 1685 1552 1748 predictis
1587 1684 1879 1748 patentibus
1918 1683 2297 1733 consideranter
2332 1685 2541 1734 attentis
2578 1683 2711 1733 sicut
2747 1691 2796 1732 te
2821 1683 2952 1732 uelis

567 1768 832 1838 ostendere
867 1766 920 1815 in
958 1768 1276 1818 exhibitione
1312 1771 1551 1833 oportuni
1586 1768 1796 1831 subsidij
1834 1768 2098 1818 liberalem
2134 1770 2268 1832 quod
2304 1784 2408 1818 non
2444 1769 2611 1819 solum
2649 1768 2751 1817 tuis
2774 1749 2952 1818 induc-

566 1839 878 1900 tionibus'et
914 1853 1360 1903 exhortationibus
1397 1854 1702 1914 salubribus,
1741 1853 1832 1902 scd
1866 1852 2152 1902 manifestis
2190 1853 2427 1917 operibus
2463 1853 2550 1917 alij
2589 1855 2656 1904 ad
2709 1853 2953 1903 exhiben-

566 1935 684 1983 dum
720 1934 773 1984 in
809 1936 906 1984 hae
941 1945 1087 2001 parte
1121 1938 1333 1988 liberale
1368 1939 1649 1989 subsidium
1685 1938 2007 1997 inducantur,
2044 1944 2198 2001 tuque
2250 1945 2421 2001 preter
2466 1938 2668 1988 celestis
2703 1939 2951 1988 mercedis

564 2020 809 2081 premium
845 2027 1073 2071 nostram
1109 2029 1162 2071 et
1195 2023 1475 2088 apostolice
1511 2021 1644 2072 sedis
1681 2022 1899 2083 gratiam
1933 2022 2109 2071 ualeas
2144 2021 2348 2071 uberius
2393 2022 2686 2086 promereri.
2754 2024 2952 2073 Datum

564 2102 822 2153 Auinione
861 2105 968 2168 ‚iiijg
1006 2106 1107 2156 kal.
1146 2106 1459 2173 Septembris
1494 2106 1823 2171 pontificatus
1858 2106 2023 2180 nostri
2056 2121 2192 2156 anno
2228 2107 2443 2156 decimo.

699 2188 839 2239 Jtem
876 2190 929 2238 in
964 2192 1181 2241 eundem
1216 2194 1427 2243 modum
1463 2191 1676 2253 singulis
1711 2190 1923 2255 prelatis
1970 2191 2202 2254 superius
2248 2192 2525 2241 nominatis
2578 2205 2670 2255 per
2720 2191 2950 2255 singulas

575 2272 773 2324 litteras
810 2275 1030 2327 clausas.

1197 2356 1331 2407 (Ar-ch.
1360 2360 1444 2399 vat.
1472 2360 1565 2407 neg.
1591 2358 1698 2399 Secr.
1724 2357 1810 2399 soh.
1838 2357 1953 2397 xxn.
1980 2356 2075 2400 ibid.
2102 2368 2163 2407 ep.
2190 2352 2321 2402 2200).

1310 2584 1410 2642 55.
1506 2584 1687 2642 1326.
1778 2584 1917 2642 30ae
1961 2584 2216 2660 August.

696 2700 962 2751 Johannes
998 2701 1269 2766 episcopus
1307 2717 1347 2750 s.
1385 2717 1424 2749 s,
1463 2700 1510 2749 d.
1548 2699 1812 2750 carissimo
1848 2701 1900 2749 in
1937 2698 2143 2750 Christo
2180 2699 2287 2749 filio
2322 2699 2518 2762 Magno
2556 2698 2664 2762 regi
2699 2697 2949 2762 Norweye

559 2783 744 2833 illustri
780 2785 998 2835 salutem
1033 2792 1085 2834 et
1120 2787 1338 2850 apostol.
1372 2785 1623 2834 benedict.
1709 2785 1921 2833 Dudum
1974 2785 2041 2833 ad
2075 2791 2309 2833 nostram
2342 2784 2602 2834 uenientes
2640 2783 2949 2848 presentiam

560 2869 731 2918 dilecti
767 2868 876 2932 filij,
912 2871 1112 2920 nobiles
1149 2869 1262 2931 uiri,
1298 2870 1612 2920 Bertrandus
1647 2871 1709 2918 de
1746 2868 1969 2919 Sueiolis
2005 2877 2058 2918 et
2099 2869 2433 2931 Raymundus
2481 2871 2544 2919 de
2597 2868 2823 2916 Lamena
2875 2867 2948 2915 tui

560 2951 754 3014 nuncij‚
792 2953 939 3003 nobis
976 2957 1115 3018 regie
1150 2954 1464 3004 celsitudinis
1516 2954 1714 3004 litteras
1767 2959 2125 3018 presentarunt
2176 2968 2303 3017 quos
2357 2955 2558 3016 quidem
2619 2953 2833 3002 nuncios
2895 2960 2946 3001 et

560 3037 755 3086 litteras
791 3038 1009 3102 benigne
1045 3038 1454 3090 consideratione
1491 3038 1739 3089 mittentis
1777 3037 2074 3102 recepimus,
2096 3044 2149 3086 et
2183 3053 2279 3101 que
2314 3054 2409 3102 pro
2443 3046 2589 3102 parte
2626 3037 2767 3100 regia
2803 3051 2949 3085 cura·

499 3115 506 3122 ’
561 3133 745 3172 uerunt
777 3138 1078 3188 proponere,
1115 3125 1347 3188 dicteque
1392 3124 1725 3175 continebant
1767 3122 1939 3171 littere
1990 3136 2116 3171 sano
2171 3122 2473 3186 collegimus
2525 3122 2805 3171 intellectu.
2876 3120 2951 3170 Et

560 3207 682 3256 licet
716 3207 813 3273 ipsi
850 3207 1021 3272 nuncij
1060 3225 1152 3273 per
1187 3225 1276 3259 eos
1315 3210 1388 3259 tui
1423 3210 1494 3259 fili
1531 3208 1816 3258 carrissime
1850 3223 1911 3256 ac
1947 3222 2220 3271 regnorum
2268 3214 2321 3256 et
2366 3207 2775 3256 christicolarum
2828 3205 2949 3254 sub·

562 3291 786 3341 ditorum
824 3299 1025 3342 tuorum
1062 3295 1465 3356 necessitatibus,
1501 3293 1682 3357 quibus
1729 3307 1795 3340 ex
1844 3294 1953 3342 dira
1987 3293 2342 3357 perseeutione
2379 3299 2431 3340 et
2463 3291 2737 3341 hostilibus
2771 3291 2949 3339 infide·

559 3377 684 3425 lium
720 3378 889 3441 regnis
925 3378 1213 3428 uicinorum
1249 3379 1437 3429 eisdem
1472 3378 1759 3427 incursibus
1796 3377 2058 3426 subiacere
2104 3377 2326 3426 dicimini
2372 3377 2647 3440 prudenter
2698 3375 2949 3438 expositis

561 3469 614 3510 ct
649 3477 682 3510 a
716 3462 863 3511 nobis
903 3478 1007 3512 non
1041 3464 1232 3526 absque
1267 3479 1456 3527 magna
1493 3461 1851 3526 compassione
1894 3462 2082 3510 auditis
2128 3477 2220 3525 pro
2275 3476 2368 3510 sua
2419 3460 2745 3525 expeditione
2798 3474 2951 3524 super

557 3544 659 3607 hijs
697 3546 833 3608 apud
869 3562 964 3596 nos
999 3546 1278 3597 institerint
1313 3548 1597 3611 diligenter,
1633 3561 1729 3595 nos
1767 3554 1939 3596 tamen
1974 3546 2091 3610 alijs
2131 3546 2349 3609 undique
2387 3546 2758 3595 confluentibus
2792 3560 2949 3608 nego·

559 3629 654 3692 eijs
690 3631 1040 3695 multipliciter
1075 3634 1311 3697 occupati
1349 3640 1401 3681 et
1445 3631 1564 3696 quia
1616 3632 1895 3695 expediens
1948 3633 2168 3682 existere
2226 3631 2463 3691 uidimuS,
2522 3630 2646 3679 illuc
2701 3629 2948 3695 speciales

559 3715 774 3766 nuncios
810 3717 1083 3777 destinare,
1119 3716 1411 3768 huiusmodi
1448 3716 1762 3778 expeditioni
1798 3717 2116 3780 nequiuimus
2154 3716 2415 3765 intendere
2467 3715 2540 3765 sic
2600 3716 2835 3765 celeriter
2893 3722 2951 3765 ut

560 3800 822 3860 uellemuS‚
861 3815 997 3851 nunc
1032 3809 1204 3852 autem
1241 3802 1589 3866 oportunitate
1627 3809 1836 3866 captata
1871 3803 2086 3851 nuncios
2123 3802 2260 3865 ipsos
2313 3800 2484 3863 regios
2544 3812 2602 3849 ut
2659 3800 2838 3849 melius
2899 3805 2949 3848 et

559 3884 731 3935 utilius
769 3885 1011 3936 discussis
1047 3887 1260 3936 ecclesie
1295 3886 1625 3936 facultatibus
1661 3886 1771 3935 fieri
1807 3887 1977 3950 potuit
2010 3887 2277 3951 expeditos
2316 3885 2618 3935 remittimus
2655 3891 2708 3934 et
2731 3884 2949 3934 nichilo-

559 3973 725 4020 minus
762 3970 977 4021 dilectos
1013 3972 1146 4021 filios
1184 3970 1475 4022 Johannem
1511 3973 1572 4021 de
1609 3972 1803 4022 Serone
1837 3971 2061 4035 priorem
2097 3971 2287 4020 ordinis
2323 3971 2699 4033 predicatorum
2747 3971 2811 4018 de
2860 3969 2949 4018 Fi·

560 4057 708 4116 giaco
747 4053 1073 4105 Caturcensis
1110 4063 1162 4106 et
1211 4055 1531 4106 Bernardum
1591 4057 1653 4105 de
1713 4055 1909 4106 Ortolis
1967 4064 2220 4106 rectorem
2280 4055 2494 4105 ecclesie
2546 4055 2607 4103 dc
2660 4052 2948 4104 Noualibus

559 4139 843 4190 Electensis
870 4142 1165 4203 diocesium,
1191 4149 1395 4191 nostros
1432 4149 1483 4191 et
1519 4141 1805 4206 apostolice
1841 4141 1975 4189 sedis
2012 4141 2227 4189 nuncios
2265 4143 2327 4189 de
2363 4155 2578 4204 quorum
2613 4139 2861 4189 fidelitate
2897 4147 2950 4189 et

559 4226 1017 4290 circumspectione
1053 4228 1355 4276 confidimus
1391 4227 1458 4275 ad
1494 4233 1543 4275 te
1578 4241 1836 4290 regnaque
1884 4233 1973 4275 tua
2024 4224 2255 4288 predicta
2312 4232 2521 4289 propter
2579 4224 2672 4273 hec
2734 4233 2784 4274 et
2844 4224 2949 4274 alia

559 4320 738 4359 nostra
773 4317 824 4360 et
858 4312 1072 4361 ecclesie
1105 4312 1336 4361 Romane
1372 4311 1588 4375 negocia
1624 4312 1956 4371 destinamus,
2011 4310 2234 4373 regalem
2288 4309 2645 4360 excellentiam
2704 4317 2947 4372 rogantes

559 4394 803 4445 attentius
840 4402 892 4445 et
925 4397 1192 4446 hortantes
1228 4397 1465 4460 quatinus
1501 4398 1712 4445 nuncios
1747 4396 1885 4458 ipsos
1923 4396 2138 4458 benigne
2174 4395 2419 4458 recipiens
2456 4400 2506 4443 et
2539 4394 2733 4443 habens
2769 4393 2947 4443 fauore

559 4481 700 4542 regio
736 4483 1142 4541 commendatos,
1177 4483 1231 4530 id
1268 4482 1404 4545 quod
1440 4480 1531 4530 tibi
1567 4481 1814 4544 dictisque
1843 4480 2060 4529 subditis
2105 4479 2375 4528 intellectis
2428 4478 2668 4542 predictis
2727 4479 2947 4528 necessi·

559 4564 748 4614 tatibus
786 4574 837 4614 et
870 4567 922 4616 in
958 4546 1134 4616 earum
1170 4564 1450 4616 subsidium
1489 4564 1722 4614 dederint
1755 4571 1934 4615 nostro
1971 4564 2175 4614 nomine
2212 4571 2262 4612 et
2287 4564 2633 4613 concesserint
2650 4564 2713 4612 de
2732 4563 2949 4627 pecunia

559 4649 790 4698 decimali
829 4656 1089 4714 gratanter
1124 4657 1178 4699 et
1208 4650 1409 4714 placide
1445 4656 1790 4714 suscepturus.
1863 4648 1997 4698 Sane
2032 4664 2149 4698 cum
2182 4659 2234 4697 te
2257 4648 2329 4696 fili
2356 4638 2680 4699 dilectissime
2704 4663 2766 4698 ac
2790 4663 2950 4712 regna
