3534 5361
394 3135 526 3172 fol.59.
543 3145 576 3173 a.

1750 350 1831 406 90

599 541 735 604 tere,
781 531 1013 608 exigere
1057 552 1125 589 ac
1171 533 1428 609 recipere
1474 533 1746 610 dictaque
1790 534 2023 591 residua
2067 555 2171 610 per
2214 542 2271 590 te
2316 534 2410 590 uel
2457 535 2633 593 alium
2679 556 2781 593 seu
2830 535 2976 594 alios

598 633 867 708 colligere
912 635 1146 691 studeas
1192 634 1515 709 diligenter,
1540 636 1829 706 Prelatos,
1874 636 2147 711 capitula,
2192 634 2531 694 collectores
2576 647 2633 695 et·
2654 638 2973 696 subcollec-

597 743 750 792 tores
794 735 1121 791 huiusmodi
1168 745 1224 791 et
1268 736 1504 811 quosuis
1544 736 1687 794 alios
1732 738 1806 794 ad
1851 756 1998 813 quos
2043 736 2199 795 dicta
2242 738 2491 812 pecunia
2544 738 2977 813 quomodolibet

594 835 923 911 peruenerit
966 837 1040 892 ad
1083 836 1241 894 illam
1286 838 1387 895 tibi
1436 845 1630 893 nostro
1675 846 1732 893 et
1777 837 2020 895 ecclesie
2066 847 2379 895 memorate
2440 839 2669 896 nomine
2723 840 2974 914 integra·

591 937 722 993 liter
765 935 1190 1012 assignandam,
1235 959 1339 995 nec
1386 957 1498 994 non
1543 936 1810 996 Prelatos
1866 938 2040 1013 ipsos,
2107 950 2163 996 et
2228 958 2627 1015 quascumque
2698 958 2976 1014 personas

595 1037 1016 1097 ecclesiasticas
1060 1039 1134 1095 ad
1180 1039 1335 1096 dicta
1378 1039 1610 1096 residua
1653 1038 2013 1114 integraliter
2056 1040 2459 1116 persoluenda,
2505 1049 2678 1116 prout
2722 1041 2879 1115 ipsas
2919 1049 2976 1097 et

594 1157 791 1195 earum
833 1139 1089 1215 singulas
1134 1140 1207 1197 ad
1251 1142 1361 1197 hoc
1405 1139 1587 1197 teneri
1634 1140 1881 1211 noueris,
1926 1141 2271 1198 auctoritate
2317 1151 2513 1199 nostra
2574 1141 2976 1217 appellacione

594 1241 914 1316 postposita
960 1240 1357 1317 compellendo
1401 1241 1539 1298 Non
1586 1243 1853 1299 obstante
1897 1241 1943 1298 si
1990 1241 2070 1299 eis
2115 1241 2209 1298 uel
2256 1261 2452 1299 eorum
2500 1243 2791 1318 aliquibus
2819 1262 2973 1300 com·

593 1343 838 1399 muniter
881 1343 977 1399 uel
1022 1341 1248 1400 diuisim
1294 1362 1329 1398 a
1384 1342 1522 1400 sede
1586 1342 1910 1417 apostolica
1975 1342 2048 1400 sit
2115 1342 2399 1399 indultum
2468 1345 2627 1419 quod
2692 1343 2974 1416 interdici,

593 1443 866 1518 suspendi
908 1443 1002 1519 uel
1045 1443 1535 1501 excommunicari
1581 1462 1693 1500 non
1738 1443 1961 1519 possint
2004 1464 2108 1519 per
2159 1443 2381 1501 litteras
2442 1446 2793 1519 apostolicas
2859 1464 2973 1502 non

591 1544 866 1601 facientes
909 1546 1139 1621 plenam
1184 1553 1240 1601 et
1285 1563 1617 1620 expressam
1663 1564 1732 1601 ac
1780 1545 1850 1602 de
1917 1546 2098 1602 uerbo
2167 1546 2240 1602 ad
2306 1548 2548 1604 uerbum
2617 1547 2688 1602 de
2753 1546 2976 1603 indulto

593 1645 920 1702 huiusmodi
966 1646 1342 1703 mencionem.
1396 1647 1522 1704 Nos
1577 1655 1767 1702 autem
1837 1645 1938 1703 tibi
1999 1646 2277 1720 premissa
2331 1646 2537 1704 ‘omnia
2601 1646 2848 1704 faciendi
2919 1656 2976 1704 et

592 1746 848 1822 plenarie
894 1747 1219 1817 exercendi,
1264 1767 1370 1804 nec
1414 1766 1528 1804 non
1572 1749 1645 1804 ab
1688 1748 1907 1830 eisdem
1951 1747 2219 1819 Prelatis,
2243 1748 2527 1823 capitulis,
2568 1749 2974 1807 collectoribus

594 1856 650 1904 et
693 1846 1211 1905 subcollectoribus
1255 1848 1545 1905 racionem
1588 1867 1762 1923 super
1786 1848 2042 1906 eiusdem
2060 1850 2412 1908 colleccione
2438 1850 2657 1907 decime
2683 1849 2973 1922 audiendi,

594 1967 807 2023 eosque
851 1948 1136 2024 quittandi
1183 1957 1238 2005 et
1282 1949 1621 2007 absoluendi
1667 1949 1737 2005 de
1780 1949 1886 2023 hijs
1924 1969 2035 2024 que
2059 1950 2192 2008 inde
2216 1950 2505 2027 receperis
2529 1953 2602 2008 ab
2628 1952 2864 2020 eisdem,
2892 1952 2975 2009 sic

590 2060 782 2107 tamen
827 2051 983 2125 quod
1025 2069 1201 2124 super
1243 2049 1483 2125 singulis
1527 2049 2024 2126 assignacionibus
2069 2052 2271 2110 confici
2299 2052 2539 2128 publica
2561 2052 2972 2126 faciasjnstru-

593 2161 801 2224 menta,
846 2172 960 2228 que
1004 2152 1169 2208 nobis
1214 2152 1436 2208 mittere
1480 2151 1728 2209 fideliter
1773 2172 1887 2210 non
1933 2162 2267 2227 postponas,
2310 2154 2540 2230 plenam
2603 2154 2973 2212 concedimus

592 2264 789 2312 tenore
834 2253 1196 2330 presencium
1238 2252 1588 2311 facultatem.
1632 2254 1852 2312 Datum
1878 2256 2171 2313 Auinione
2196 2255 2311 2329 .iiij.
2345 2225 2623 2313 kalendas
2650 2255 2971 2329 Februarii,

593 2356 975 2413 Pontificatus
1019 2356 1197 2412 nostri
1244 2374 1396 2412 anno
1444 2355 1588 2430 .xvj‘!

759 2456 1022 2530 Quarum
1065 2456 1411 2513 auctoritate
1454 2457 1512 2514 in
1557 2458 1710 2516 dicto
1757 2459 2075 2534 procedens
2120 2457 2363 2534 negocio
2409 2457 2602 2533 recepi
2664 2467 2969 2533 argentum

599 2567 655 2615 et
698 2558 974 2633 pecunias
1015 2557 1422 2633 infrascriptas.

1022 3109 1117 3186 De
1171 3113 1422 3183 decima
1479 3113 1823 3183 sexannali
1881 3117 1942 3182 in
1996 3113 2239 3203 Regno
2293 3112 2555 3182 Suecie.

757 3289 935 3345 Anno
980 3287 1079 3344 dfii
1123 3295 1222 3344 .m⁰.
1267 3295 1394 3345 ccc0.
1438 3286 1636 3362 xxxiij.
1692 3286 1785 3344 die
1844 3306 1997 3344 xxv.
2066 3286 2273 3343 mensis
2338 3286 2576 3362 Aprilis.
2640 3289 2858 3364 Recepi
2928 3310 2966 3346 a

589 3390 705 3447 d’n'o
751 3388 969 3446 Boecio
1012 3388 1308 3465 Episcopo
1373 3388 1743 3450 Vexionensi.
1789 3408 1893 3463 per
1936 3406 2140 3447 manus
2183 3389 2429 3446 dfiorum
2471 3388 2773 3464 Jngemari
2817 3390 2960 3447 Pre-

588 3491 760 3568 positi
826 3489 1083 3550 Scatalef
1143 3499 1199 3546 et
1263 3490 1534 3547 Thauriri
1599 3489 1941 3548 clericorum
1994 3510 2231 3548 suorum
2276 3490 2347 3547 de
2393 3491 2620 3548 decima
2661 3491 2961 3549 sexannali

592 3593 839 3651 collecta
879 3593 938 3650 in
984 3590 1197 3649 diocesi
1240 3591 1597 3650 Vexionensi
1639 3619 1722 3628 -—
1767 3591 1937 3648 .clxw
1982 3611 2159 3650 marc.
2203 3593 2333 3649 den.
2380 3592 2727 3652 Sueuorum.

1252 3694 1498 3770 Recepit
1529 3692 1985 3768 justrumentum
2025 3693 2308 3753 Jacobus.

759 3881 907 3939 Item
952 3900 1103 3939 anno
1149 3900 1265 3956 quo
1308 3899 1504 3955 supra.
1554 3880 1644 3938 die
1687 3879 1821 3955 .iiij‘?
1854 3878 1995 3954 Maij
2040 3880 2261 3956 Recepi
2305 3901 2340 3938 a
2365 3881 2479 3939 dfio
2507 3881 2798 3956 Episcopo
2823 3880 2960 3938 Lin-

591 3984 825 4059 copensi
890 4004 993 4059 per
1058 4002 1261 4041 manus
1323 3983 1570 4041 dfiorum
1633 3982 1919 4041 Johannis
1982 3981 2414 4057 Archidyaconi
2479 3991 2535 4039 et
2600 3981 2808 4040 Karoli
2868 3983 2966 4040 de-

591 4087 721 4142 cani
766 4085 1009 4143 ecclesie
1051 4085 1428 4161 Lincopensis
1474 4085 1545 4142 de
1591 4083 1815 4142 decima
1878 4083 2179 4141 sexannali
2246 4083 2483 4141 restanti
2548 4103 2652 4140 seu
2721 4082 2969 4142 collecta

590 4186 647 4243 in
695 4185 909 4245 diocesi
956 4187 1302 4262 Lincopensi
1350 4217 1427 4266 -5
1476 4186 1618 4260 .cclj.
1664 4205 1839 4243 marc.
1886 4187 2016 4244 den.
2061 4185 2407 4245 Sueuorum.

1248 4289 1495 4365 Recepit
1524 4288 1980 4363 jnstrumentum
2024 4288 2305 4346 Jacobus.

754 4493 902 4550 Item
949 4512 1100 4550 anno
1145 4513 1261 4568 quo
1305 4512 1498 4568 supra.
1547 4491 1638 4547 die
1682 4510 1753 4548 .v.
1800 4490 2009 4549 mensis
2052 4490 2211 4562 Junij
2246 4489 2464 4564 Recepi
2490 4489 2663 4546 adfio
2687 4488 2958 4546 Jobanne

588 4594 1017 4670 archidyacono
1064 4593 1409 4668 Lincopensi
1456 4612 1529 4650 ex
1570 4602 1734 4668 parte
1779 4610 2155 4668 personarum
2216 4590 2741 4648 ecclesiasticarum
2806 4599 2967 4646 terre

589 4695 907 4756 Gotlandie
949 4693 1192 4753 diocesis
1238 4693 1615 4769 Lincopensis
1656 4702 1776 4751 tam
1824 4694 1894 4751 de
1941 4693 2165 4750 decima
2200 4692 2498 4750 sexannali
2521 4689 2760 4749 restanti
2785 4709 2959 4765 quam
