3534 5361
453 1224 515 1259 rot.
542 1224 575 1259 1.
594 1223 630 1260 b.

1823 322 1895 379 18

656 506 890 563 cuilibet
926 507 983 563 in
1028 507 1273 564 solidum
1321 505 1691 565 concedimus
1731 515 1931 563 tenore
1975 506 2337 581 presencium
2372 507 2724 565 facultatem.
2810 507 3031 564 Datum

655 607 951 664 Auinione
993 609 1145 665 Jdus
1188 607 1445 682 Augusti
1489 606 1859 681 pontificatus
1902 606 2084 664 nostri
2129 626 2281 664 anno
2328 607 2570 664 decim0.

823 707 1121 767 «Iohannes
1162 709 1467 783 episcopus
1505 726 1708 763 seruus
1773 725 2067 764 seruorem
2134 707 2240 764 dei.
2310 707 2532 765 dilectis
2600 708 2728 765 filiis
2784 708 3031 766 Iohanni

656 808 727 863 de
773 807 991 866 Serone
1035 809 1211 883 priori
1258 816 1579 864 conuentus
1619 805 1858 863 fratrum
1907 806 2121 864 ordinis
2165 807 2597 882 predicatorum
2639 809 2710 864 de
2767 808 3031 882 FigiacO,

656 908 1044 979 Caturcensis,
1090 919 1147 966 et
1187 909 1488 966 Bernardo
1535 908 1604 963 de
1630 907 1852 966 Ortolis
1875 908 2086 964 rectori
2111 908 2355 965 ecclesie
2389 908 2459 963 de
2493 908 2822 966 Noualibus
2860 909 3028 965 Elec-

655 1009 831 1065 tensis
873 1009 1207 1079 diocesium,
1253 1008 1569 1083 apostolice
1614 1008 1765 1065 sedis
1804 1006 2053 1078 nunciis,
2086 1008 2332 1065 salutem
2367 1017 2423 1065 et
2449 1008 2831 1084 apostolicam
2855 1010 3028 1066 bene·

654 1108 991 1166 ‹liccionem.
1079 1111 1173 1167 De
1216 1120 1404 1166 vestre
1450 1107 1991 1182 circumspeccionis
2034 1108 2316 1166 industria
2379 1109 2609 1183 plenam
2674 1110 2733 1166 in
2799 1110 3029 1167 domino

651 1210 924 1266 fiduciam
969 1211 1309 1279 obtinentes,
1355 1219 1417 1265 vt
1458 1208 1653 1283 legata
1696 1227 2062 1283 quecumque
2105 1209 2162 1265 in
2208 1208 2398 1284 regnis
2442 1210 2756 1285 Norwegie
2806 1211 3029 1270 Swecie

652 1319 709 1366 et
755 1310 941 1369 Gocie
987 1330 1090 1385 per
1135 1329 1532 1386 quoscumque
1577 1318 1728 1364 terre
1773 1319 1969 1366 sancte
2014 1309 2273 1366 subsidio
2318 1329 2420 1367 seu
2464 1311 2727 1367 Romane
2787 1311 3029 1369 ecclesie

649 1409 802 1467 facta
849 1421 906 1467 et
948 1411 1211 1467 facienda
1255 1430 1429 1485 quam
1476 1409 1573 1467 diu
1624 1428 1729 1467 uos
1773 1410 1830 1466 in
1874 1410 2134 1485 partibus
2189 1410 2301 1468 illis
2338 1430 2461 1467 esse
2486 1411 2809 1485 contigerit,
2832 1421 3028 1487 petere

651 1531 721 1567 ac
765 1512 1024 1586 recipere
1068 1520 1264 1567 nostro
1312 1522 1367 1567 et
1412 1512 1666 1569 eiusdem
1714 1510 1958 1568 ecclesie
2002 1510 2248 1567 nomine.
2298 1532 2405 1569 nec
2449 1530 2562 1568 non
2610 1521 2666 1568 et
2731 1532 2800 1569 ea
2865 1512 3028 1569 vobis

649 1613 940 1669 soluentes
986 1613 1211 1687 quitare
1257 1622 1313 1668 et
1356 1612 1659 1669 absoluere
1709 1613 1779 1668 de
1823 1612 1929 1668 hiis
1976 1631 2088 1685 que
2133 1613 2207 1667 ab
2252 1610 2392 1686 ipsis
2414 1612 2746 1686 receperitis
2769 1611 3029 1684 valeatiS,

650 1712 816 1771 vobis
862 1724 915 1771 et
961 1722 1216 1771 vestrum
1262 1712 1497 1770 cuilibet
1540 1713 1597 1769 in
1640 1713 1887 1770 solidum
1933 1712 2162 1786 plenam
2231 1723 2288 1769 et
2349 1713 2591 1770 liberam
2661 1712 3030 1770 concedimus

651 1814 996 1872 auctoritate
1051 1815 1412 1890 presencium
1478 1813 1828 1872 facultatem.
1936 1814 2157 1870 Datum
2222 1812 2517 1870 Auinione
2580 1814 2733 1872 ‚Jdus
2775 1814 3031 1890 Augusti

651 1915 1020 1990 pontificatus
1064 1916 1242 1972 nostri
1290 1935 1440 1971 anno
1483 1915 1726 1972 decimO.

757 2087 766 2095 ο
819 2017 1118 2073 ,Iohannes
1163 2016 1466 2091 episcopus
1508 2033 1711 2072 seruus
1755 2033 2056 2072 seruorum
2101 2015 2209 2072 dei.
2253 2016 2477 2074 dilectis
2523 2016 2655 2073 filiis
2678 2016 2923 2074 Iohanni
2960 2017 3031 2072 de

653 2116 872 2174 Serone
916 2116 1093 2191 priori
1139 2126 1458 2174 conuentus
1501 2116 1740 2172 fratrum
1785 2116 1999 2173 ordinis
2043 2116 2470 2191 predicatorum
2515 2117 2585 2172 de
2632 2116 2873 2191 Figiaco
2915 2116 3029 2175 Ca-

652 2217 952 2288 turcensis,
993 2226 1050 2273 et
1093 2217 1394 2274 Bernardo
1437 2218 1508 2273 de
1554 2216 1773 2275 Ortolis
1816 2218 2026 2275 rectori
2072 2218 2313 2274 ecclesie
2359 2217 2429 2274 de
2473 2217 2803 2276 Noualibus
2859 2217 3030 2274 Elec-

652 2317 827 2374 tensis
872 2317 1546 2393 diocesium,apostolice
1587 2317 1738 2375 sedis
1784 2318 2025 2376 nunciis.
2068 2317 2316 2375 salutem
2362 2328 2419 2375 et
2450 2318 2832 2393 apostolicam
2855 2320 3030 2375 bene-

654 2417 1010 2473 diccionem,
1057 2417 1297 2474 Dudum
1341 2418 1604 2474 volentes
1650 2419 1858 2476 nostris
1904 2429 1959 2475 et
2005 2418 2248 2476 ecclesie
2271 2420 2533 2476 Romane
2558 2419 3030 2478 neccessitatibus

652 2518 851 2593 vtique
893 2518 1210 2592 grandibus
1252 2519 1575 2593 prouidere,
1615 2518 1854 2590 fructus,
1898 2520 2177 2590 redditus,
2222 2529 2279 2576 et
2321 2528 2638 2594 prouentus
2682 2518 2853 2594 primi
2895 2519 3029 2576 anni

653 2618 1060 2676 beneficiorum
1105 2618 1362 2675 omnium
1409 2629 1465 2676 et
1528 2619 1883 2695 singulorum
1949 2619 2473 2678 ecclesiasticorum
2532 2639 2662 2676 cum
2730 2639 2869 2678 cura
2935 2619 3033 2677 uel

652 2720 773 2777 sine
819 2740 977 2790 cura,
1023 2720 1367 2795 dignitatum
1412 2720 1602 2792 etiam,
1647 2731 2061 2796 personatuum
2086 2732 2141 2780 et
2176 2719 2518 2791 officiorum,
2552 2721 3030 2778 monasteriorum

651 2821 1031 2896 prioratuum,
1077 2830 1133 2878 et
1173 2820 1417 2877 aliorum
1462 2821 1722 2880 locorum
1764 2822 2288 2881 ecclesiasticorum
2333 2830 2451 2878 tam
2478 2822 2825 2880 secularium
2852 2841 3028 2897 quam

652 2922 1023 2996 regularium,
1067 2931 1467 2995 exemptorum
1513 2933 1570 2980 et
1612 2943 1725 2980 non
1774 2933 2193 2998 exemptorum,
2239 2941 2351 2997 que
2396 2922 2456 2979 in
2498 2921 2693 2997 regnis
2717 2923 3030 2998 Norwegie

655 3022 877 3080 Swecie
923 3031 980 3079 et
1024 3021 1212 3081 Gocic
1276 3031 1415 3080 tunc
1482 3025 1771 3081 vacabant
1813 3034 1869 3081 et
1908 3044 2021 3099 que
2058 3043 2243 3099 usque
2284 3023 2359 3080 ad
2403 3022 2710 3080 triennium
2756 3022 3029 3099 qualiter-

653 3142 900 3198 cumque
946 3132 1002 3179 et
1045 3124 1412 3198 Vbicumque,
1457 3124 1638 3181 eciam
1685 3124 1731 3180 si
1778 3126 1934 3199 apud
1988 3123 2181 3181 sedem
2238 3124 2616 3199 apostolicam
2685 3144 2755 3180 ea
2820 3142 3030 3181 vacare

648 3224 1023 3298 contingeret,
1066 3226 1236 3281 certis
1279 3224 1551 3296 ecclesiis,
1597 3225 1977 3297 monasteriis,
2023 3225 2400 3299 dignitatibus
2442 3234 2498 3281 et
2519 3224 2813 3282 beneficiis
2836 3233 3028 3281 tamen

647 3325 924 3399 exceptiS,
971 3326 1040 3382 de
1081 3324 1321 3381 fratrum
1369 3333 1693 3382 nostrorum
1737 3326 1979 3383 consilio
2025 3345 2132 3401 per
2154 3334 2379 3383 nostras
2404 3324 2545 3381 certi
2569 3325 2782 3383 tenoris
2808 3325 3028 3383 litteras

645 3426 1028 3483 reseruandos
1074 3425 1342 3484 duximus
1391 3436 1446 3482 et
1493 3434 1685 3482 nostre
1726 3446 1953 3484 camere
1991 3427 2371 3500 deputandos.
2418 3426 2588 3483 certis
2625 3425 3029 3484 collectoribus

645 3546 749 3601 per
791 3535 1016 3585 nostras
1059 3527 1201 3584 alias
1246 3527 1441 3584 literas
1485 3545 1661 3601 super
1705 3528 1814 3584 hoc
1862 3526 2170 3602 deputatis,
2216 3526 2313 3601 qui
2361 3527 2497 3584 licet
2541 3527 2615 3583 ad
2660 3534 2857 3601 partes
2900 3524 3029 3583 illas

642 3626 1025 3701 personaliter
1067 3627 1409 3685 accedentes
1455 3625 1609 3683 circa
1667 3626 2078 3685 colleccionem
2152 3637 2208 3685 et
2274 3627 2649 3686 exaccionem
2715 3625 3026 3698 fructuum,

643 3727 972 3783 reddituum
1020 3736 1077 3784 et
1118 3737 1508 3801 prouentuum
1554 3726 1887 3783 eorumdem
1912 3727 2133 3784 solicite
2177 3727 2512 3798 laborarint,
2557 3737 2750 3785 tamen
2796 3727 2870 3783 ad
2915 3728 3028 3784 huc

645 3829 716 3884 de
765 3827 930 3885 dictis
973 3828 1252 3885 fructibus
1296 3827 1614 3885 redditibus
1661 3836 1716 3885 et
1738 3829 2116 3903 prouentibus
2139 3840 2357 3888 restare
2391 3828 2661 3885 dicuntur
2703 3847 2819 3885 non
2868 3828 3030 3885 nulla

643 3929 875 3987 residua
920 3929 1263 4004 colligenda.
1319 3948 1422 3985 nos
1489 3928 1685 4004 itaque
1751 3931 1822 3985 de
1887 3939 2075 3987 vestre
2143 3929 2686 4004 circumspeccionis
2744 3928 3027 3987 industria

643 4030 874 4105 plenam
918 4030 976 4086 in
1022 4030 1254 4086 domino
1300 4029 1571 4087 fiduciam
1615 4030 1957 4100 obtinenteS,
2001 4029 2167 4087 vobis
2202 4039 2259 4087 et
2288 4040 2547 4087 vestrum
2582 4029 2817 4087 cuilibet
2853 4028 2910 4085 in
2934 4048 3026 4087 so-

641 4131 819 4187 lidum
863 4132 1096 4207 petendi
1140 4130 1407 4206 exigendi
1455 4139 1510 4187 ct
1554 4131 1869 4206 recipiendi
1917 4149 2019 4205 per
2063 4150 2169 4189 uos
2215 4131 2309 4188 uel
2355 4150 2458 4206 per
2502 4130 2678 4187 alium
2725 4149 2828 4187 seu
2884 4128 3027 4188 alios

640 4243 836 4290 nostro
880 4243 936 4290 et
979 4232 1236 4290 eiusdem
1281 4231 1525 4289 ecclesie
1548 4232 1812 4289 Romane
1845 4230 2073 4287 nomine
2096 4230 2331 4289 residua
2354 4230 2708 4306 supradicta,
2757 4250 2865 4287 nec
2909 4250 3026 4287 non

642 4343 697 4391 et
740 4333 1190 4391 contradictores
1235 4352 1339 4407 per
1384 4351 1685 4391 censuram
1731 4332 2152 4390 ecclesiaticam
2197 4332 2603 4408 appellacione
2647 4340 2780 4406 post
2832 4331 3027 4407 posita

641 4433 1062 4510 compescendi,
1102 4434 1375 4491 inuocato
1421 4434 1495 4489 ad
1536 4434 1646 4491 hoc
1691 4434 1737 4491 si
1786 4453 1933 4508 opus
1977 4432 2148 4490 fuerit
2192 4432 2411 4490 auxilio
2454 4431 2670 4507 brachij
2728 4431 3024 4503 seculariS,

638 4536 869 4611 plenam
915 4544 1115 4592 tenore
1159 4534 1521 4609 presencium
1566 4533 1937 4593 concedimus
1980 4543 2346 4610 potestatem,
2362 4552 2477 4591 non
2516 4536 2784 4592 obstante
2818 4533 2867 4591 si
2890 4551 3022 4608 per·

638 4638 791 4696 sonis
837 4636 1244 4695 ecclesiasticis
1286 4634 1614 4693 huiusmodi
1657 4633 1939 4693 beneficia
1983 4635 2391 4707 obtinentibUS,
2432 4634 2529 4693 uel
2571 4653 2771 4693 eorum
2806 4632 3022 4709 aliqui-
