3534 5361
1756 399 1836 457 80

774 587 915 642 ltem
967 613 1032 621 --
1085 585 1237 657 xvij.
1285 604 1456 641 marc.
1495 585 1720 659 argenti
1764 585 1820 640 in
1866 603 2056 641 massa
2099 585 2368 659 ponderis
2414 584 2794 642 Coloniensis.

775 685 921 741 Item
968 713 1048 721 -
1096 684 1149 758 .j.
1198 685 1449 760 pixidem
1495 685 1619 741 auri
1666 704 1772 760 pro
1818 704 1974 741 .xxx.
2014 684 2212 742 floren.
2257 684 2400 741 auri.

1246 785 1492 860 Recepit
1521 786 1998 860 jnstruinentum·
2020 785 2062 843 J
2066 785 2339 843 ohannes.

771 970 919 1027 Item
967 989 1117 1027 anno
1161 970 1259 1027 diii
1306 978 1407 1027 .m0.
1456 978 1583 1028 ccc‘!
1626 970 1861 1044 xxxiiij‘l
1906 970 1997 1027 die
2041 969 2297 1027 secunda
2343 969 2552 1028 mensis
2618 970 2798 1043 Junij.
2865 970 2983 1027 Re-

609 1072 733 1146 cepi
768 1091 884 1146 *per
932 1090 1132 1128 manus
1175 1071 1396 1129 Prioris
1438 1081 1491 1127 et
1527 1081 1847 1129 conuentus
1870 1070 2109 1128 fratrum
2134 1069 2575 1127 Predicatorum
2601 1070 2985 1145 Brugensium

609 1174 663 1229 in
710 1172 984 1228 Flandria
1027 1192 1133 1247 pro
1180 1174 1294 1229 dfio
1335 1172 1565 1229 <Iacobo
1610 1172 1907 1247 Episcopo
1952 1171 2190 1248 Ripensi
2256 1172 2615 1229 tradencium
2664 1200 2742 1207 -
2791 1191 2988 1227 mxxv.

607 1275 731 1330 libr.
775 1291 958 1346 gross.
1006 1273 1226 1330 Turon.
1272 1273 1342 1329 de
1403 1273 1650 1347 pecunia
1707 1273 1965 1348 predicte
2032 1272 2255 1330 decime
2322 1281 2523 1329 mutuo
2583 1279 2821 1346 recepta
2887 1291 2991 1346 per

608 1374 824 1430 dictum
862 1373 1216 1448 Episcopum
1264 1394 1299 1430 a
1344 1373 1751 1431 collectoribus
1796 1373 1975 1449 ipsius
2021 1373 2241 1430 decime
2288 1373 2343 1429 in
2391 1373 2627 1430 ciuitate
2672 1382 2729 1428 et
2774 1371 2986 1429 diocesi

606 1474 971 1548 Ripensibus.

1265 1575 1511 1649 Recepit
1540 1574 1993 1648 justrumentum
2036 1575 2319 1633 Jacobus.

1534 1761 1685 1835 ».liij.
1731 1761 1857 1819 libr.
1906 1771 1961 1818 et
2006 1760 2102 1834 .iij.
2146 1761 2249 1818 sol.
2300 1779 2482 1836 grOSS.
2530 1762 2751 1819 Turon.

1567 1845 1658 1900 .ix.
1704 1845 1831 1902 libr.
1877 1855 1934 1903 et
1978 1843 2087 1919 ,vij.
2133 1845 2236 1902 sol.
2281 1846 2707 1920 sterlingorum.

1568 1929 1764 2002 ‚ccciij.
1808 1931 2005 1987 floren.
2051 1930 2235 2004 parui.

612 2010 739 2089 [ap]
802 2016 1040 2071 Summa
1084 2013 1252 2070 huius
1297 2012 1515 2088 pagine
1569 2013 1660 2070 .lv.
1707 2015 1836 2071 den.
1881 2014 2007 2071 auri
2052 2014 2123 2069 de
2170 2033 2376 2072 massa.

1569 2098 1681 2172 .xij.
1726 2098 1861 2172 agni
1903 2098 2049 2155 auri.
2178 2095 2182 2099 “

1568 2182 1719 2257 pixis
1764 2183 1890 2240 auri
1934 2201 2041 2257 pro
2086 2201 2243 2238 xxx.
2289 2182 2484 2240 floren.
2530 2183 2744 2258 paruis.

1570 2267 1722 2341 xvij.
1766 2287 1943 2324 marc.
1987 2267 2209 2342 argenti
2253 2268 2523 2342 ponderis
2568 2267 2947 2326 coloniensis,

407 2755 591 2793 rom-21..
614 2723 715 2792 De
768 2725 1050 2814 receptis
1105 2745 1197 2791 ex
1250 2721 1420 2791 dicta
1476 2720 1729 2790 decima
1799 2723 1859 2790 in
1926 2723 2188 2816 ciuitate
2256 2731 2318 2790 et
2400 2720 2649 2791 diocesi
2717 2719 2991 2791 Slesvi-

1294 2838 1600 2909 censibus
1659 2843 1719 2907 in
1777 2840 2015 2928 Regno
2071 2840 2303 2908 Dacie.

780 3014 954 3070 Anno
1000 3014 1096 3069 ‹lfii
1146 3021 1247 3068 .m‘!
1293 3019 1420 3070 ccc⁰.
1462 3011 1652 3086 xxxij‘!
1696 3012 1917 3086 Recepi
1963 3031 1999 3067 a
2043 3011 2186 3080 dno.
2250 3010 2537 3069 Nicholao
2579 3012 2887 3086 Preposito
2931 3012 2988 3069 in

608 3114 845 3170 Withaa
884 3115 1162 3171 canonico
1188 3113 1551 3172 Sleswicensi
1597 3114 1816 3187 pridem
1865 3112 2175 3168 collectore
2221 3112 2441 3168 decime
2485 3112 2815 3168 sexannalis
2860 3132 2989 3187 pre-

608 3215 760 3271 dicte
801 3214 857 3271 in
904 3214 1137 3272 ciuitate
1184 3223 1240 3271 et
1283 3213 1498 3272 diocesi
1543 3212 2019 3273 Sleswicensibus
2064 3239 2144 3248 —
2185 3212 2319 3284 xiij.
2376 3213 2510 3270 libr.
2561 3213 2986 3287 sterlingorum.

726 3669 828 3738 De
884 3668 1165 3759 receptis
1221 3689 1309 3737 ex
1365 3666 1620 3737 decima
1675 3664 2019 3737 sexannali
2080 3671 2139 3733 in
2197 3667 2461 3735 ciuitate
2519 3675 2584 3733 et
2637 3664 2886 3735 diocesi

1555 3785 2053 3855 Arusiensibus.

1587 3957 1686 3990 ooooo

780 3960 954 4014 Anno
1002 3957 1096 4031 diij
1145 3965 1242 4014 .m‘!
1289 3966 1415 4015 ccc‘!
1459 3977 1688 4032 xxxiiij.
1734 3958 1825 4013 die
1884 3956 2038 4030 xxij.
2106 3955 2314 4012 mensis
2379 3955 2540 4028 Julij.
2607 3955 2827 4029 Recepi
2889 3975 2992 4029 per

612 4078 815 4116 manus
851 4058 1136 4116 Johannis
1180 4058 1451 4115 Nicholai
1499 4058 1692 4115 clerici
1736 4058 2077 4115 Luudensis.
2122 4076 2158 4113 a
2202 4058 2318 4113 diio
2371 4058 2640 4114 Johanne
2686 4056 2990 4131 archidya-

612 4178 759 4216 cono
825 4158 1128 4217 Arusiensi
1205 4159 1514 4216 collectore
1595 4159 1818 4215 decime
1894 4158 2223 4216 sexannalis
2288 4158 2556 4214 restantis
2621 4157 2868 4213 insolute
2933 4156 2990 4212 in

612 4260 848 4316 ciuitate
893 4269 950 4315 et
994 4260 1207 4317 diocesi
1232 4260 1646 4318 Arusiensibus
1692 4260 1763 4316 de
1806 4260 2054 4334 ‘pecunia
2100 4258 2345 4317 collecta
2390 4278 2494 4333 per
2539 4276 2668 4314 eum
2716 4277 2790 4312 ex
2835 4257 2991 4312 dicta

613 4361 835 4417 decima
886 4394 958 4402 —-
1006 4362 1096 4433 .xj.
1143 4362 1246 4417 sol.
1292 4380 1474 4436 gross.
1519 4362 1738 4419 Turon.

1549 4461 1771 4519 Habuit
1814 4461 2051 4520 litteras,

1570 4628 1704 4704 xiij.
1745 4630 1873 4687 libr.
1915 4628 2338 4704 sterlingorum.

615 4668 744 4745 [ast]
811 4672 1051 4730 summa
1094 4672 1263 4729 halus
1306 4621 1660 4788 paginelxj.
1703 4716 1810 4772 sol.
1849 4732 2033 4789 gross.
2082 4714 2541 4799 Turonensium.
