3534 5361
1719 365 1834 423 179

1353 554 1449 612 64.
1544 554 1718 610 1328.
1810 552 1922 609 9de
1963 551 2209 610 Januar.

724 650 796 698 Jn
834 650 1038 700 nomine
1075 651 1265 699 domini
1302 666 1466 700 amen.
1505 666 1638 700 anno
1675 649 1961 699 natiuitatis
2000 649 2223 699 eiusdem
2259 650 2528 700 millesimo
2576 646 2720 700 .ccc⁰.
2758 650 2967 713 xxviij⁰.

590 749 725 783 nona
760 736 842 784 die
879 730 1068 784 mensis
1098 734 1330 797 Januarij
1369 736 1696 799 pontificatus
1735 734 1922 784 domini
1960 733 2136 782 nostri.
2160 735 2348 784 domini
2377 735 2628 784 «Iohannis
2654 751 2784 800 pape
2820 734 2967 798 xxij.

590 833 725 867 anno
763 818 872 881 .xij.
910 821 1146 868 nouerint
1179 818 1399 869 vniuersi
1433 826 1694 883 presentes
1730 819 1921 882 pariter
1956 828 2009 867 et
2060 816 2214 866 futuri
2269 820 2403 882 quod
2455 821 2506 868 in
2557 821 2820 884 presencia
2870 820 2970 868 mei

590 902 772 965 notarij
812 903 1120 967 infrascriptj
1161 910 1211 951 et
1246 905 1450 952 testium
1500 903 1917 967 subscriptorum,
1966 901 2279 951 venerabiles
2338 911 2389 953 ct
2447 904 2800 967 circumspecti
2857 904 2966 952 viri.

589 989 796 1038 domini.
835 988 993 1039 frater
1029 988 1292 1038 Johannes
1330 990 1392 1037 de
1427 988 1620 1037 Serone
1655 989 1797 1051 prior
1831 994 2114 1036 conuentus
2154 988 2344 1038 ordinis
2380 989 2754 1052 predicatorum
2791 991 2853 1039 de
2882 990 2972 1038 Fis

588 1076 752 1136 giaco.
790 1083 842 1123 et
877 1074 1170 1123 Bernardus
1208 1074 1268 1121 de
1296 1072 1506 1123 Ortolis.
1544 1079 1713 1121 rector
1747 1071 1960 1121 ecclesie
1998 1073 2059 1120 de
2075 1072 2361 1122 Noualibus
2390 1073 2717 1124 caturcensis
2742 1081 2794 1124 et
2815 1075 2968 1124 Elee-

590 1158 746 1207 tensis
784 1159 1095 1222 dyocesium.
1192 1158 1276 1207 Ad
1332 1158 1607 1221 petendum
1663 1157 1970 1219 exigendum
2008 1165 2060 1205 et
2093 1157 2434 1221 recipiendum
2471 1160 2736 1223 pecuniam
2774 1159 2967 1208 decime

589 1244 894 1292 sexennalis.
932 1243 1153 1307 inposite
1190 1242 1239 1290 in
1297 1243 1507 1291 consilio
1564 1241 1846 1291 Viennensi
1906 1256 1996 1304 per
2053 1241 2214 1291 felicis
2273 1244 2646 1293 recordacionis
2706 1244 2967 1293 dominum

588 1326 905 1377 Clementem
939 1342 1126 1392 papam
1163 1327 1392 1391 quintum
1427 1329 1480 1376 in
1515 1326 1797 1377 subsidium
1833 1333 1965 1375 terre
2010 1335 2185 1375 sancte
2214 1326 2277 1388 ju
2322 1327 2491 1390 regnis
2544 1328 2752 1390 Swecie‚
2790 1327 2966 1388 Gocie,

584 1412 942 1475 Noruegieque
976 1426 1067 1477 per
1102 1414 1274 1462 sedem
1309 1412 1644 1477 apostolicam
1680 1411 1969 1475 specialiter
2006 1410 2236 1475 deputati
2283 1419 2435 1475 prout
2482 1413 2543 1460 de
2598 1427 2773 1461 eorum
2827 1428 2967 1462 com-

587 1497 826 1545 missione
863 1503 915 1545 et
946 1503 1202 1560 potestate
1240 1503 1455 1557 constat,
1489 1510 1582 1561 per
1627 1497 1884 1559 quandam
1937 1505 2199 1561 patentem
2250 1496 2472 1546 litteram
2525 1498 2789 1546 bullatam.
2851 1513 2966 1547 cum

584 1581 728 1630 ¹bulla
763 1580 1002 1644 plumbea
1038 1581 1275 1645 pendenti
1311 1582 1362 1630 in
1397 1580 1503 1630 filio
1550 1581 1756 1644 canapis
1806 1581 1949 1630 cuius
2003 1581 2204 1643 quidem
2257 1581 2424 1630 littere
2478 1589 2627 1630 tenor
2685 1583 2967 1631 dinoscitur

588 1680 698 1714 esse
735 1666 867 1715 talis.
940 1665 1206 1715 Johannes
1242 1666 1513 1729 episcopus
1549 1680 1726 1715 seruus
1753 1679 2016 1714 seruorum
2042 1666 2123 1715 dei
2149 1673 2228 1714 etc
2242 1659 2275 1713 ¹.
2345 1665 2665 1715 Pecierunta
2688 1668 2967 1716 reuerendo

587 1750 639 1798 in
674 1749 883 1801 Christo
919 1758 1080 1815 patre.
1119 1751 1322 1799 domino
1360 1748 1528 1799 Olauo
1566 1751 1644 1799 dei
1681 1750 1857 1813 gracia
1892 1750 2277 1814 archiepiscopo
2322 1749 2615 1813 Vpsalensi.
2670 1758 2968 1815 computum

588 1842 639 1883 et
672 1835 929 1885 racionem
965 1836 1028 1884 de
1064 1836 1279 1899 pecunia
1315 1836 1449 1883 dicte
1485 1834 1676 1884 decime
1722 1834 2030 1883 sexennalis.
2084 1849 2180 1897 que
2231 1836 2450 1899 pecunia
2495 1837 2701 1885 nominc
2736 1838 2966 1886 Romane

587 1920 799 1969 ecclesie
835 1927 1040 1984 recepta
1076 1927 1128 1969 et
1163 1918 1379 1968 collecta
1425 1926 1535 1968 erat
1588 1920 1639 1967 in
1691 1918 1908 1968 ecclesia
1958 1917 2249 1983 Vpsalensi‚
2302 1920 2386 1983 qui
2444 1920 2671 1985 prefatus
2730 1920 2965 1970 dominus

587 2004 1001 2069 archiepiscopus
1038 2005 1169 2052 dixit
1203 2010 1255 2051 et
1289 2004 1566 2066 respondit,
1592 2005 1781 2053 dictam
1812 2005 2079 2069 pecuniam
2102 1998 2148 2061 I
2167 2000 2235 2064 [in
2255 2013 2492 2069 promptu
2511 2002 2639 2065 esse]
2660 2005 2966 2054 collectores

587 2104 708 2138 uero
746 2089 829 2153 qui
868 2103 980 2138 eam
1018 2088 1326 2151 colligerunt
1366 2088 1554 2137 mortui
1591 2097 1707 2137 sunt
1741 2089 1851 2153 ipse
1886 2103 2006 2137 vero
2044 2089 2278 2138 dominus
2315 2090 2726 2154 archiepiscopus
2763 2104 2968 2139 conser-

587 2181 791 2224 uatores
829 2174 963 2223 dicte
998 2175 1211 2237 pecunie
1247 2173 1530 2238 deputauit,
1568 2181 1620 2222 et
1656 2189 1769 2222 cum
1806 2174 2090 2222 iuramento
2127 2174 2365 2223 videlicet
2412 2174 2727 2223 venerabiles
2782 2183 2833 2224 et
2868 2176 2968 2224 dis-

584 2266 748 2308 cretos
784 2259 918 2308 viros
956 2259 1189 2308 dominos
1219 2257 1473 2307 Thomam
1498 2257 1682 2307 Alonis
1719 2265 1838 2307 tunc
1874 2259 2177 2308 canonicum
2212 2273 2347 2307 nunc
2383 2273 2502 2307 vero
2538 2258 2967 2321 archidyaconum

584 2351 636 2393 et
670 2343 958 2393 Jordanum
995 2345 1056 2392 de
1091 2343 1288 2392 Birium
1321 2359 1630 2408 yconomum
1667 2343 1879 2392 ecclesie
1913 2341 2230 2407 Vpsalensis.
2306 2341 2422 2402 Qui
2475 2342 2659 2406 prefati
2696 2359 2967 2393 conserua·

584 2415 720 2478 tores
750 2428 810 2491 jn
846 2429 1110 2493 presencia
1143 2426 1359 2491 predicti
1394 2428 1584 2477 domini
1620 2427 2005 2492 archiepiscopi.
2051 2426 2262 2491 prefatis
2300 2428 2520 2477 dominis
2556 2427 2703 2477 fratri
2740 2428 2964 2479 Johanni

585 2514 646 2561 de
683 2512 872 2563 Serene
910 2523 962 2564 et
994 2513 1262 2562 Bernardo
1300 2514 1362 2561 de
1398 2511 1612 2563 Ortolis.
1650 2519 1947 2574 computum
1985 2520 2037 2561 et
2071 2513 2324 2562 racionem
2369 2514 2503 2562 dicte
2557 2513 2754 2562 decime
2801 2513 2966 2563 reddi-

583 2599 780 2660 derunt,
817 2600 958 2647 cuius
995 2597 1206 2663 pecunie
1244 2597 1377 2646 dicte
1415 2596 1607 2645 decime
1644 2598 1860 2646 ecclesie
1886 2606 1937 2647 et
1961 2597 2126 2647 tocius
2152 2599 2384 2661 dyocesis
2418 2597 2723 2662 Vpsalensis
2750 2613 2964 2649 summa.

582 2685 812 2734 aseendit
847 2685 909 2734 de
945 2699 1037 2734 sex
1075 2685 1235 2733 anuis.
1274 2683 1373 2732 tria
1404 2682 1546 2732 milia
1597 2683 1934 2746 octingentas
1989 2683 2198 2746 triginta
2256 2685 2382 2734 duas
2436 2685 2673 2733 marchas
2726 2691 2781 2733 et
2839 2686 2965 2734 duas

583 2785 713 2827 oras·
735 2776 1044 2819 numeratas.
1083 2769 1148 2817 ad
1184 2768 1393 2816 modum
1429 2768 1672 2829 Swechie‚
1710 2783 1806 2831 que
1842 2769 2057 2831 pecunia
2091 2783 2182 2832 per
2217 2770 2379 2819 dictos
2424 2776 2816 2821 conseruatores
2869 2768 2968 2819 suit

583 2868 835 2904 conuersa
870 2854 923 2903 in
955 2861 1170 2917 argento
1207 2868 1354 2917 pum,
1376 2854 1509 2916 quod
1535 2860 1805 2914 argentum
1830 2853 2060 2902 ascendit
2093 2868 2250 2916 vsque
2288 2855 2351 2903 ad
2388 2870 2637 2904 summam
2675 2855 2966 2917 septingen-

587 2946 752 2987 tarum
788 2948 840 2989 et
874 2938 1201 3003 septuaginta
1234 2939 1556 2987 marcharum
1608 2938 2023 3001 ponderatarum.
2083 2939 2150 2987 ad
2207 2939 2405 3001 pondus
2455 2938 2760 3003 Vpsalense,
2814 2955 2966 3002 quam

583 3025 852 3088 pecuniam
887 3030 940 3073 et
973 3031 1242 3086 argentum
1279 3023 1412 3072 dicte
1450 3022 1642 3071 decime
1680 3022 1969 3072 sexennalis
2003 3022 2187 3086 prefati
2233 3023 2441 3073 domini.
2495 3023 2654 3073 frater
2697 3024 2964 3074 Johannes

583 3110 645 3159 de
681 3109 872 3160 Serone
910 3116 962 3158 et
996 3108 1288 3158 Bernardus
1327 3109 1388 3156 de
1425 3106 1634 3157 Ortolis.
1680 3109 1747 3156 ad
1799 3122 2008 3157 manum
2060 3109 2259 3157 nomine
2318 3123 2534 3158 camere.
2590 3108 2780 3158 domini
2834 3124 2965 3173 pape

582 3200 901 3258 receperunt,
939 3203 991 3242 et
1027 3192 1246 3244 confessi
1283 3192 1490 3242 fuerunt
1523 3207 1576 3241 se
1614 3194 1786 3242 omnia
1820 3194 2045 3256 predicta
2080 3193 2229 3257 plene
2266 3201 2318 3242 et
2350 3195 2545 3256 integre
2579 3195 2819 3244 habuisse
2854 3209 2965 3244 rea-

581 3279 699 3328 liter
733 3288 786 3327 et
820 3278 1088 3342 recepisse,
1126 3287 1178 3328 et
1210 3278 1463 3342 prefatum
1503 3278 1765 3327 dominum
1800 3278 2236 3343 archiepiscopum
2290 3285 2341 3326 et
2394 3278 2662 3328 ecclesiam
2715 3295 2876 3328 suam.
2913 3286 2966 3328 et

583 3363 860 3427 capitulum
913 3361 1213 3426 Vpsalense.
1270 3372 1321 3412 et
1356 3362 1654 3411 collectores
1690 3372 1739 3412 et
1775 3374 2164 3413 conseruatores
2202 3364 2335 3412 dicte
2370 3364 2583 3426 pecunie
2620 3363 2813 3412 decime
2850 3378 2966 3413 sex·
3006 3364 3011 3371 '

583 3446 793 3496 ennalis.
832 3447 917 3510 qui
951 3463 1043 3511 pro
1079 3456 1306 3512 tempore
1342 3446 1550 3496 fuerunt
1585 3455 1637 3497 et
1687 3463 1865 3497 eorum
1925 3449 2062 3497 bona
2120 3456 2173 3497 et
2230 3463 2582 3499 successorum
2633 3448 2861 3512 ipsorum
2914 3456 2967 3498 et

583 3533 935 3595 inperpetuum
972 3533 1320 3596 quittauerunt
1355 3533 1557 3596 penitus
1595 3540 1644 3580 et
1679 3534 2026 3584 absoluerunt.
2082 3549 2113 3582 a
2160 3534 2296 3582 dicta
2328 3536 2547 3598 pecunia
2581 3534 2713 3582 dicte
2749 3533 2963 3597 pecunie

583 3617 888 3667 sexennalis.
924 3617 1118 3666 Actum
1151 3616 1366 3682 Vpsalie
1402 3619 1454 3668 in
1490 3634 1650 3681 parua
1686 3625 1838 3680 stupa
1873 3618 1994 3666 dicti
2032 3620 2221 3668 domini
2248 3619 2613 3684 archiepiscopi
2644 3617 2963 3682 presentibus

581 3702 953 3751 venerabilibus
1007 3709 1059 3752 et
1111 3703 1344 3752 diseretis
1396 3704 1517 3752 viris
1576 3703 1791 3752 dominis
1837 3740 1848 3750 .
1898 3739 1908 3751 .
1945 3705 2145 3753 Berone
2180 3705 2454 3767 preposite.
2490 3703 2705 3753 Mathia.
2742 3702 2963 3753 Nicolao

584 3786 802 3837 Cristine
837 3786 1081 3837 Johanne
1117 3787 1339 3836 Henrici.
1379 3795 1430 3836 et
1465 3787 1682 3837 Nicolao
1725 3788 1969 3837 Iohannis
1995 3788 2250 3838 canonicis
2268 3787 2657 3853 Vpsalensibus.
2685 3796 2737 3836 et
2755 3788 2968 3837 Andrea

587 3870 764 3935 Calijs.
800 3871 1044 3936 lehone
1082 3874 1143 3923 de
1177 3872 1310 3922 Rial.
1347 3873 1633 3922 Laurencio
1670 3873 1933 3936 Agmundi
1965 3883 2016 3922 et
2033 3874 2317 3922 Laurencio
2338 3873 2623 3935 Laurencij.
2658 3872 2965 3938 presbiteria.

585 3957 910 4020 prebendatis
946 3958 1000 4005 in
1035 3957 1176 4006 dicta
1209 3957 1428 4007 ecclesia
1461 3957 1754 4022 Vpsalensi.
1793 3959 2007 4007 testibus
2043 3961 2107 4007 ad
2144 3957 2393 4023 premissa
2437 3959 2629 4008 vocatis
2676 3956 2965 4020 specialiter

583 4050 635 4090 et
671 4042 881 4102 rogatis.
915 4066 971 4074 —-
996 4042 1118 4091 Feci
1156 4058 1386 4092 rasuram
1421 4045 1474 4092 in
1510 4043 1749 4092 vicesima
1788 4044 1945 4092 tercia
1979 4044 2113 4092 linea
2151 4045 2232 4110 ad*
2254 4042 2355 4091 tale
2392 4044 2590 4106 signum
2614 4036 2660 4100 I
2689 4049 2741 4091 et
2786 4042 2836 4089 in
2872 4041 2964 4089 illa

584 4141 763 4175 rasura
799 4125 950 4174 debet
985 4140 1095 4176 esse
1133 4127 1235 4188 „Jn
1270 4135 1511 4192 promptu
1549 4123 1705 4177 esse.“
1801 4128 1873 4177 Et
1925 4145 2023 4191 ego
2073 4127 2243 4178 Guido
2290 4129 2351 4177 de
2386 4127 2572 4177 Auena
2610 4129 2671 4176 de
2706 4126 2963 4176 Porssano

584 4212 796 4260 clericus
832 4210 1219 4274 Magalonensis
1257 4213 1490 4276 dyocesis
1527 4213 1834 4263 auctoritate
1871 4212 2157 4277 apostolica
2192 4220 2244 4261 et
2259 4212 2518 4276 jmperiali
2544 4214 2772 4262 notarius
2799 4211 2963 4276 publi-

583 4312 673 4345 cus
709 4296 949 4361 predictis
987 4297 1222 4346 omnibus
1256 4313 1357 4347 vna
1392 4313 1507 4347 cum
1544 4299 1691 4347 dictis
1727 4298 1942 4348 testibus
1979 4313 2187 4360 presens
2223 4296 2295 4346 fui
2334 4308 2385 4346 et
2418 4314 2478 4347 ea
2514 4299 2688 4347 omnia
2724 4302 2785 4346 de
2820 4311 2962 4346 man-

584 4383 705 4431 dato
741 4381 1085 4445 predictorum
1123 4383 1440 4433 dominorum
1477 4381 1648 4432 fratris
1669 4382 1923 4432 Johannis
1962 4383 2023 4431 de
2048 4381 2240 4432 Serene
2280 4390 2330 4432 et
2362 4384 2627 4433 Bernardo
2666 4383 2727 4431 de
2753 4381 2961 4432 Ortolis.

582 4466 799 4515 fideliter
833 4467 1026 4530 scripsi.
1063 4474 1115 4516 et
1149 4467 1201 4516 in
1235 4468 1369 4518 hanc
1404 4467 1622 4518 formam
1665 4467 1839 4529 redegi
1892 4481 2108 4529 meoque
2166 4467 2314 4531 signo
2374 4474 2621 4516 consueto
2673 4467 2872 4531 signaui
2929 4480 2962 4514 a

583 4551 877 4615 supradicto
914 4550 1122 4600 domino
1158 4553 1540 4617 archiepiscopo
1576 4559 1806 4615 rogatus.

1418 4635 1545 4678 (Esser
1569 4636 1732 4684 Diplom.
1760 4635 1869 4674 Svec.
1901 4635 1970 4674 No.
1995 4630 2126 4675 2650).

638 4715 649 4738 ¹
680 4721 751 4757 Her
780 4720 903 4766 fulget
932 4718 994 4757 det
1020 4720 1114 4759 ovi'r.
1142 4719 1181 4760 S.
1215 4719 1286 4756 166
1316 4720 1342 4759 f.
1370 4731 1448 4759 som
1480 4721 1545 4760 No.
1576 4720 1624 4756 49
1654 4719 1820 4760 indinte
1853 4719 1958 4756 Brev.

2433 4772 2556 4832 12*
