3534 5361
1623 350 1738 408 115

502 539 639 616 quia
682 558 863 596 naues
907 547 1069 595 erant
1113 538 1267 595 circa
1311 544 1612 613 capturam
1656 535 1881 592 alecum
1926 543 2208 611 occupate
2249 533 2396 592 solui
2435 552 2542 610 pro
2578 533 2752 592 naulo
2785 559 2867 570 -

502 639 575 714 ,ij.
619 639 720 698 sol.
767 658 897 698 cum
944 637 1178 694 dimidio
1221 657 1402 714 gross.
1453 636 1897 695 Turonensium.

670 741 810 798 Item
856 740 968 816 .vj‘J¹
999 740 1090 798 die
1133 738 1403 800 Octobris
1449 738 1603 796 exiui
1650 736 1943 796 ciuitatem
1986 736 2424 795 Roskildensem
2453 739 2529 796 ad
2549 739 2867 797 notandum

500 842 655 898 bona
698 841 833 899 dicti
899 840 1188 917 Prepositi
1247 861 1352 918 pro
1417 859 1534 915 quo
1598 838 1791 896 nullus
1855 838 2090 895 uolebat
2151 837 2340 897 facere
2409 840 2742 898 caucionem
2811 850 2869 899 et

501 941 692 999 inueni
739 943 1131 1001 Theotonicos
1175 961 1276 1000 seu
1342 940 1706 998 Alamannos
1772 938 2149 996 distrahentes
2213 939 2312 997 illa
2370 943 2525 999 bona
2589 941 2689 1017 qui
2752 961 2865 999 non

501 1045 762 1101 obstante
809 1045 1098 1102 conductu
1144 1043 1241 1100 dni
1283 1040 1569 1100 Johannis
1614 1040 1839 1097 comitis
1885 1039 2170 1114 capitanei
2213 1040 2366 1099 illius
2399 1050 2552 1100 terre
2576 1042 2866 1103 Sialendie

502 1143 945 1218 captiuauerunt
988 1164 1078 1201 me
1121 1153 1177 1201 et
1215 1143 1506 1219 captiuum
1567 1142 1857 1198 duxerunt
1911 1159 2026 1197 vna
2091 1160 2220 1198 cum
2282 1140 2497 1200 familia
2570 1163 2699 1201 mea
2762 1163 2867 1219 per

503 1244 619 1301 duo
664 1245 908 1304 miliaria
961 1265 1145 1321 usqne
1189 1246 1262 1302 ad
1306 1254 1554 1302 castrum
1600 1241 1911 1300 Hafnense.
1978 1252 2032 1299 et
2094 1242 2492 1302 nichilominus
2547 1244 2698 1302 solui
2760 1265 2865 1322 pro

504 1346 768 1420 expensis
814 1347 1179 1404 conductoris
1226 1346 1335 1403 mei
1385 1375 1449 1383 -·-
1503 1345 1574 1419 jj.
1612 1344 1717 1401 sol.
1766 1361 1897 1400 cum
1927 1343 2159 1400 dimidio
2181 1343 2864 1419 gross.Turonensium¹.

668 1447 813 1503 Item
861 1448 1083 1505 .x¹'.¹⁸die
1109 1449 1379 1507 Octobris
1413 1465 1678 1505 reuersus
1721 1444 1799 1502 fui
1845 1444 2065 1503 Lundis
2109 1445 2182 1501 ad
2226 1446 2510 1520 synodum
2560 1448 2634 1504 ad
2678 1448 2865 1524 inqui-

499 1547 738 1603 rendum
785 1568 916 1606 cum
960 1549 1113 1607 clero
1157 1549 1310 1606 illius
1355 1548 1597 1606 diocesis
1660 1567 1837 1623 super
1898 1548 2191 1605 solucione
2255 1566 2454 1605 eorum
2508 1567 2620 1624 que
2683 1557 2864 1607 resta-

500 1648 640 1705 bant
686 1650 759 1706 ad
804 1652 1142 1708 soluendum
1188 1671 1291 1726 per
1335 1669 1435 1707 eos
1476 1651 1547 1706 de
1605 1649 1828 1706 decima
1890 1647 2189 1706 sexannali
2251 1649 2511 1725 predicta
2576 1659 2632 1707 et
2691 1670 2866 1727 super

499 1749 792 1808 solucione
859 1772 1064 1810 census
1121 1753 1382 1810 Romane
1434 1751 1674 1809 ecclesie
1718 1769 1820 1808 seu
1867 1749 2080 1824 denarij
2126 1749 2278 1807 beati
2322 1749 2483 1807 Petri
2524 1751 2621 1826 qui
2663 1751 2720 1807 in
2764 1751 2866 1809 illa

501 1850 714 1908 diocesi
756 1852 997 1910 debetur
1042 1863 1097 1909 et
1137 1853 1401 1922 soluitur,
1448 1860 1502 1909 et
1528 1851 1658 1908 dedi
1684 1871 1788 1925 pro
1812 1851 1987 1909 naulo
2018 1881 2091 1888 —-
2110 1850 2240 1925 .xvj.
2266 1869 2446 1925 gross.
2474 1851 2861 1910 Turonenses.

668 1953 814 2010 Item
860 1974 975 2011 .xv.
1022 1953 1114 2010 die
1156 1952 1497 2010 Decembris
1540 1952 1737 2009 audito
1780 1951 2139 2027 Thriumpho
2183 1970 2355 2028 quem
2415 1954 2521 2010 dfis
2566 1951 2865 2011 Gerardus

502 2071 693 2111 comes
737 2055 1063 2112 obtinuerat
1105 2054 1385 2111 aduersus
1430 2054 1565 2110 dfim
1610 2053 2045 2128 Cristophorum
2080 2070 2274 2127 regem
2299 2053 2424 2111 misi
2448 2053 2630 2111 eidem
2655 2053 2864 2114 Comiti

501 2153 705 2209 iterum
770 2155 1041 2212 nuncium
1086 2155 1384 2230 requirens
1429 2157 1502 2212 ab
1549 2175 1616 2212 eo
1660 2174 1926 2212 securum
1974 2153 2322 2211 conductum
2368 2173 2539 2230 quem
2584 2162 2702 2211 tam
2763 2174 2868 2230 per

500 2254 870 2313 Alamaniam
916 2275 1089 2331 quam
1135 2275 1238 2331 per
1279 2256 1523 2313 Daciam
1568 2264 1806 2332 sequtus
1852 2264 1937 2313 est
1979 2254 2161 2312 donec
2217 2255 2464 2312 obtinuit
2518 2254 2737 2314 litteras
2794 2256 2866 2312 de

502 2375 708 2414 securo
752 2358 1061 2429 conductu,
1103 2376 1247 2432 quas
1294 2355 1425 2413 mihi
1471 2358 1622 2414 misit
1665 2356 1804 2414 satis
1847 2354 2193 2413 sufficientes
2238 2355 2463 2415 clausas
2521 2365 2580 2413 et
2636 2365 2867 2432 apertas

504 2467 559 2513 et
625 2457 753 2514 dedi
817 2456 970 2514 dicto
1038 2458 1247 2516 nuncio
1312 2476 1419 2532 pro
1483 2456 1779 2515 laboribus
1843 2466 1899 2514 et
1964 2456 2231 2533 expensis
2273 2484 2357 2493 —
2401 2457 2492 2532 .vj.
2536 2458 2640 2516 sol.
2686 2476 2867 2533 grosS.

503 2557 945 2618 Turonensium.

667 2660 815 2718 Item
860 2680 1012 2719 anno
1057 2660 1156 2718 dni
1201 2668 1300 2718 .m‘!
1345 2667 1471 2718 ccc0.
1514 2658 1702 2735 xxxij‘t
1744 2677 1842 2716 xv.
1891 2658 1982 2717 die
2028 2658 2237 2718 mensis
2289 2658 2611 2735 Februarij‚
2655 2659 2866 2736 signifi-

502 2761 629 2818 caui
675 2762 791 2819 dfio
836 2771 1031 2820 nostro
1072 2781 1224 2837 pape
1270 2762 1512 2838 prelium
1557 2761 1819 2819 habitum
1874 2763 2022 2819 inter
2087 2761 2350 2819 comitem
2418 2760 2746 2820 Gerardum
2812 2770 2869 2819 et

501 2863 718 2938 Regem
765 2862 1198 2939 Cristophorum
1243 2872 1300 2920 et
1344 2864 1473 2920 dedi
1541 2863 1767 2920 cuidam
1835 2863 2073 2939 pauperi
2140 2862 2457 2937 presbitero
2523 2864 2622 2938 qui
2684 2864 2868 2921 dictas

500 2965 754 3037 portauit
801 2964 1017 3022 litteras
1074 2994 1130 3001 -
1186 2985 1302 3021 .xx.
1345 2984 1525 3040 gross.
1570 2964 1954 3022 Turonenses.

669 3065 814 3121 Item
860 3066 1061 3141 ‚xviijvf
1085 3066 1176 3123 die
1220 3065 1424 3140 Marcij
1472 3065 1623 3122 exiui
1670 3064 1904 3122 ciuitate
1947 3064 2241 3121 Lundensi
2278 3083 2478 3123 uersus
2516 3064 2866 3124 Sialendiam

502 3175 559 3221 et
601 3174 811 3223 terram
854 3167 896 3225 J
902 3168 1027 3225 ucie
1072 3187 1201 3225 cum
1250 3167 1500 3243 quodam
1548 3165 1756 3223 clerico
1804 3174 1859 3223 et
1903 3166 2127 3223 duobus
2170 3163 2396 3223 famulis
2443 3165 2540 3221 dni
2583 3165 2867 3223 Johannis

503 3264 742 3325 Comitis
786 3269 883 3343 qui
931 3288 1061 3326 cum
1106 3268 1287 3325 tribus
1333 3267 1495 3342 equis
1538 3265 1767 3324 fuerunt
1813 3284 2035 3324 mecum
2079 3264 2138 3321 in
2182 3266 2279 3324 uia
2321 3266 2380 3323 in
2426 3267 2694 3342 expensis
2727 3267 2867 3325 meis

500 3385 604 3441 per
649 3368 777 3444 .viij.
825 3370 962 3428 dies.
1006 3369 1153 3427 solui
1197 3389 1303 3445 pro
1347 3368 1514 3426 dictis
1559 3368 1824 3443 expensis
1877 3399 1944 3407 --
1978 3365 2068 3441 .vj.
2091 3367 2195 3425 sol.
2216 3386 2398 3443 gross.
2421 3369 2868 3427 Turonensium.

665 3469 814 3526 Item
853 3471 982 3527 dedi
1030 3471 1244 3528 eisdem
1284 3497 1366 3507 -—
1409 3468 1522 3544 .iiij.
1565 3469 1670 3528 sol.
1712 3488 1892 3545 gross.
1939 3468 2384 3526 Turonensium.

665 3569 814 3627 Item
859 3571 1006 3629 solui
1049 3591 1156 3647 pro
1195 3571 1439 3630 transitu
1484 3571 1655 3629 maris
1712 3572 1861 3628 inter
1925 3570 2197 3630 Scaniam
2265 3580 2322 3628 et
2387 3569 2740 3630 Sialendiam
2791 3598 2860 3608 —

500 3671 591 3747 ‚iij.
635 3673 739 3731 sol.
786 3682 842 3729 et
885 3671 998 3746 diij.
1044 3672 1169 3730 den.
1213 3691 1395 3748 gross.
1441 3672 1866 3730 Turonensium
1909 3671 2046 3748 quia
2088 3672 2325 3729 transiui
2373 3691 2505 3730 cum
2549 3671 2642 3729 jx.
2687 3672 2866 3747 equis.

664 3774 828 3832 Item.
876 3773 968 3830 die
1012 3773 1183 3848 .xxvj.
1228 3773 1453 3848 Marcij.
1499 3772 1622 3831 misi
1689 3774 1760 3830 de
1826 3773 2118 3831 Roskildis
2183 3773 2241 3829 in
2306 3773 2586 3830 Feoniam
2646 3772 2866 3830 litteras

501 3874 778 3932 mandans
823 3874 1229 3933 collectoribus
1275 3874 1493 3932 decime
1537 3874 1794 3950 predicte
1836 3875 1892 3932 in
1937 3874 2170 3932 ciuitate
2216 3883 2273 3932 et
2316 3874 2529 3932 diocesi
2562 3873 2866 3934 Ottonien-

499 3973 657 4032 sibus
700 3985 764 4032 ut
806 3985 1077 4050 pararent
1119 3974 1379 4032 raciones
1435 3994 1570 4033 suas
1629 3984 1686 4032 et
1749 3975 2026 4052 quicquid
2087 3975 2440 4050 collegerant
2507 3975 2578 4032 de
2644 3974 2869 4032 decima

499 4088 815 4135 memorata
857 4088 918 4134 vt
962 4086 1226 4152 paratum
1271 4075 1586 4132 inuenirem
1631 4076 1770 4152 quia
1811 4077 1870 4134 in
1913 4075 2176 4153 proximo
2221 4077 2491 4134 uolebam
2534 4076 2731 4133 venire
2792 4078 2869 4134 ad

500 4195 599 4235 eos
643 4184 700 4233 et
754 4177 886 4234 dedi
928 4180 1154 4236 duobus
1206 4176 1476 4236 fratribus
1539 4177 2010 4236 Predicatoribus
2075 4177 2173 4253 qui
2240 4175 2425 4235 dictas
2489 4186 2869 4253 portauerunt

497 4278 716 4337 litteras
760 4298 866 4355 pro
911 4279 1086 4337 naulo
1130 4288 1188 4337 et
1229 4280 1485 4337 subsidio
1530 4298 1915 4354 expensarum
1958 4296 2195 4336 suarum
2234 4304 2318 4313 —
2366 4276 2485 4353 .xij,
2506 4297 2688 4355 gross.
2713 4278 2867 4336 Tur-

499 4375 788 4439 onense82.

1656 4461 1762 4523 .xij.
1803 4462 1897 4509 sol.
1936 4461 2310 4523 sterlingorum.

1655 4529 1784 4590 xxj.
1823 4530 1915 4578 sol.
1954 4545 2113 4592 gross.
2150 4526 2543 4582 Turonensium.

565 4609 591 4639 ²
626 4613 690 4662 Η.
730 4623 764 4662 t.
820 4609 953 4677 [ap.]
993 4613 1203 4663 Summa
1237 4614 1386 4662 huius
1423 4614 1607 4678 pagine
1652 4638 1701 4644 —-
1744 4614 1909 4692 xxiij.
1947 4613 2039 4662 sol.
2079 4622 2129 4661 et
2164 4611 2301 4672 ,iiijqr
2330 4614 2445 4660 den.
2473 4627 2633 4672 groSS.
2665 4611 2869 4662 Turon-

1741 4696 1954 4730 ensmm.
2384 4746 2465 4807 8*

571 4490 590 4521 ¹
625 4495 691 4544 H.
728 4503 764 4545 t.
834 4491 953 4558 [ap.]
991 4496 1201 4546 Summa
1235 4495 1382 4543 huius
1420 4457 1640 4590 pagine{

2893 1455 3065 1495 romi)...
