3534 5361
1750 319 1869 378 172

610 508 701 552 tua
734 503 786 551 in
821 502 1002 565 quibus
1038 499 1207 549 cultus
1242 500 1384 563 uiget
1417 500 1669 550 catholice
1704 500 1822 550 fidei
1859 510 1912 552 et
1945 500 2076 551 inter
2110 502 2430 552 christicolas
2466 502 2700 552 subditos
2731 508 2844 552 tuos
2869 502 2998 552 sicut

611 587 900 650 accepimus
936 586 1181 635 securitas
1217 585 1358 649 pacis
1394 592 1575 649 regnat
1608 585 1822 644 intensis
1857 587 2144 651 prosperari
2171 587 2437 650 desiderijs
2464 587 2781 645 affectemuS‚
2814 586 2999 636 exhor-

611 671 891 720 tationibus
930 670 1115 719 nostris
1151 669 1504 732 subiungimus
1542 679 1599 720 ut
1634 673 1786 722 deum
1823 687 1911 733 per
1947 687 2097 736 quem
2135 687 2317 734 regnas
2368 681 2420 721 ct
2471 671 2663 734 regeris
2718 671 2897 720 timere
2949 681 3001 720 et

610 770 763 819 super
798 755 967 804 omnia
1003 754 1212 818 diligere
1246 755 1468 815 studeas,
1506 757 1769 819 operando
1808 771 1904 819 que
1941 756 2037 805 sibi
2081 755 2271 806 fuerint
2324 757 2528 819 placida
2582 763 2633 805 ct
2685 764 2900 819 accepta
2950 764 3000 805 et

611 841 676 889 ab
712 839 814 902 hijs
851 854 948 903 que
983 854 1074 888 sue
1110 841 1392 888 maiestatis
1430 841 1608 890 oculos
1646 849 1855 905 possent
1889 840 2151 891 offendere
2177 840 2378 905 penitus
2404 841 2722 890 abstinendo.
2794 841 2867 889 Et
2886 841 3001 903 qnia

611 924 829 987 negocia
863 924 981 972 fidei
1017 931 1071 973 et
1104 922 1317 974 ecclesie
1354 923 1483 974 adeo
1519 931 1639 973 sunt
1672 939 1923 984 connexa,
1961 925 2098 988 quod
2152 934 2387 974 neutrum
2439 925 2548 974 sinc
2608 926 2773 974 altero
2834 933 3002 989 potest

610 1010 837 1072 legitime
871 1008 1163 1074 promoueri
1198 1008 1442 1059 ecclesias
1479 1016 1530 1058 et
1563 1025 1810 1073 personas
1847 1010 2223 1059 ecclesiasticas
2263 1025 2464 1072 semper
2496 1010 2687 1059 habeas
2725 1010 2775 1058 in
2796 1009 3000 1069 honore,

612 1096 749 1156 ipsas
784 1093 837 1142 in
874 1094 978 1143 suis
1013 1093 1207 1142 iuribus
1244 1101 1298 1142 et
1329 1091 1648 1142 libertatibus
1685 1093 2032 1154 confouendo,
2070 1109 2130 1142 ac
2185 1105 2288 1143 tam
2341 1096 2477 1158 ipsas
2532 1108 2683 1157 quam
2737 1108 2999 1157 paupereS‚

612 1178 820 1228 orfanos
857 1187 908 1227 et
943 1179 1125 1227 uiduas
1161 1178 1226 1227 ab
1264 1177 1679 1242 oppressionibus
1716 1188 1767 1227 et
1801 1177 2000 1241 iniurijs
2038 1177 2371 1238 defendendO,
2407 1179 2581 1242 sicque
2627 1179 2680 1227 in
2728 1180 3001 1227 deuotione

611 1263 919 1323 huiusmodi,
955 1262 1170 1327 alijsque
1203 1263 1355 1313 bonis
1390 1263 1628 1327 operibus
1659 1270 1801 1312 tuam
1854 1263 2045 1312 solides
2097 1264 2430 1321 iuuentutem,
2483 1265 2620 1326 quod
2678 1279 2796 1313 cum
2851 1263 3000 1312 etatis

612 1346 948 1411 prouectioris
985 1346 1141 1397 fueris
1178 1357 1231 1398 et
1262 1348 1397 1397 curis
1433 1347 1711 1397 maioribus
1751 1355 2052 1412 occupatus,
2091 1356 2266 1411 portes
2291 1354 2499 1398 assueta
2522 1348 2731 1397 suauius
2758 1362 2819 1397 ac
2838 1348 3000 1410 magis

615 1439 667 1479 et
700 1432 866 1494 magis
901 1433 953 1481 in
988 1431 1086 1497 pijs
1122 1433 1406 1483 actionibus
1443 1432 1630 1483 cotidie
1667 1432 1951 1482 delecteris.
2037 1432 2280 1482 Profecto
2333 1432 2405 1480 fili
2457 1431 2782 1481 dilectissime
2830 1432 2871 1480 si
2907 1432 3001 1480 hec

616 1530 712 1578 que
747 1515 971 1580 paternis
1008 1516 1100 1566 tibi
1136 1516 1405 1567 affectibus
1443 1518 1714 1566 suademus
1751 1516 1934 1568 seceris
1960 1518 2145 1565 nedum
2168 1517 2282 1566 iura
2306 1524 2395 1566 tua
2420 1525 2472 1565 et
2496 1531 2771 1579 regnorum
2799 1524 3000 1565 tuorum

615 1601 707 1649 tibi
765 1600 1091 1651 conseruabit
1147 1602 1424 1652 altissimus
1484 1603 1573 1651 sed
1627 1617 1689 1651 ea
1738 1603 1909 1667 potius
1961 1603 2217 1666 prosperis
2269 1600 2587 1651 successibus
2647 1600 3002 1663 augmentabit

614 1685 935 1734 inimicorum
972 1692 1175 1736 tuorum
1214 1687 1304 1736 tibi
1340 1687 1608 1736 tribuendo
1646 1686 1912 1736 uictoriam
1965 1693 2016 1735 et
2067 1685 2396 1750 triumphum.
2487 1686 2684 1735 Datum
2741 1685 3002 1735 Aninione

616 1768 708 1832 .iij.
746 1769 995 1820 kalendas
1030 1771 1343 1835 Septembris
1378 1771 1706 1836 pontificatus
1742 1772 1903 1820 nostri
1939 1785 2074 1820 anno
2112 1771 2326 1821 decimo.

1242 1853 1380 1897 (ΑΙ-οδ.
1410 1854 1494 1894 vat.
1522 1854 1616 1902 neg.
1644 1854 1748 1892 Secr.
1780 1854 1865 1893 Joh.
1895 1854 2013 1892 xxii.
2043 1852 2134 1891 ibid.
2164 1863 2224 1902 ep.
2251 1852 2383 1900 2201).

1364 2078 1461 2137 56.
1554 2077 1732 2137 1326.
1821 2079 1961 2137 30te
2004 2077 2257 2155 August.

751 2193 1017 2243 Jobannes
1054 2193 1323 2258 episcopus
1360 2211 1399 2244 s.
1439 2210 1478 2243 s.
1516 2196 1564 2243 d.
1603 2194 1787 2244 dilecte
1823 2194 1876 2242 in
1897 2192 2106 2244 Christo
2134 2192 2252 2252 filie,
2272 2192 2430 2243 nobili
2457 2194 2672 2253 mulieri,
2693 2194 3004 2257 Ingiburghe

618 2278 819 2328 ducisse
838 2278 1166 2329 *Swenorum
1186 2279 1405 2328 salutem
1425 2287 1476 2327 et
1493 2278 1715 2343 apostol.
1729 2277 2152 2327 benedictionem.
2204 2277 2409 2327 Pridem
2429 2294 2496 2327 ex
2524 2288 2669 2343 parte
2688 2277 2932 2327 carissimi
2953 2278 3004 2328 in

617 2361 823 2414 Christo
858 2361 949 2425 filij
989 2362 1150 2412 nostri
1187 2363 1365 2426 Magni
1402 2363 1536 2426 regis
1572 2362 1822 2427 Norweye
1857 2361 2071 2411 illustris
2108 2362 2215 2411 nati
2267 2362 2340 2411 tui
2394 2362 2786 2413 necessitatibus
2840 2362 3003 2411 eidem

615 2447 724 2511 regi
758 2461 820 2496 ae
855 2448 1023 2511 regnis
1061 2455 1113 2497 et
1147 2448 1364 2498 subditis
1400 2449 1503 2497 suis
1540 2462 1604 2497 ex
1641 2447 1995 2513 persecutione
2031 2446 2312 2496 infidelium
2363 2455 2415 2497 et
2444 2447 2690 2514 vhostium
2741 2446 3004 2498 christiani

614 2532 835 2582 nominis
869 2532 1280 2582 incumbentibus
1315 2547 1406 2597 per
1442 2532 1655 2583 dilectos
1688 2532 1822 2582 filios
1858 2532 2201 2581 Bertrandum
2236 2532 2299 2580 de
2326 2531 2545 2602 Sueiolis
2570 2538 2622 2582 et
2643 2532 3003 2597 Raymundum

616 2617 678 2666 de
714 2616 943 2667 Lamena
977 2618 1201 2667 eiusdem
1238 2619 1371 2680 regis
1409 2618 1624 2667 nuncios
1661 2616 1979 2684 apostolatui
2013 2625 2190 2667 nostro
2229 2617 2477 2682 expositis
2514 2625 2567 2667 et
2617 2633 2648 2667 a
2700 2617 2847 2668 nobis
2897 2632 3001 2666 non

615 2702 806 2766 absque
840 2718 1029 2767 magna
1064 2705 1421 2768 compassione
1458 2702 1645 2753 auditis
1680 2704 1892 2753 dilectos
1929 2701 2065 2752 filios
2102 2702 2395 2752 Johannem
2443 2703 2506 2751 de
2541 2701 2737 2753 Serene
2781 2703 3002 2767 priorem

616 2786 808 2838 ordinis
846 2783 928 2848 [02
967 2785 1277 2850 conuentus]
1313 2788 1528 2838 fratrum
1565 2789 1757 2838 ordinis
1794 2786 2170 2851 predicatorum
2208 2789 2270 2836 de
2315 2786 2550 2849 Figiac0‚
2585 2795 2639 2837 et
2681 2787 3002 2838 Ber-nardum

616 2873 679 2921 de
715 2872 910 2923 Ortolis
945 2880 1196 2922 rectorem
1234 2871 1446 2921 ecclesie
1483 2873 1547 2921 de
1579 2870 1867 2921 Noualibus
1906 2870 2231 2922 Caturcensis
2279 2880 2330 2921 et
2376 2872 2665 2922 Electensis
2722 2872 2999 2922 diocesium

614 2963 817 3007 nostros
854 2964 905 3006 et
937 2956 1219 3021 apostolice
1256 2956 1390 3005 sedis
1425 2957 1637 3005 nuncios
1673 2956 1739 3004 ad
1776 2970 1949 3018 regem
1987 2962 2037 3004 ct
2071 2970 2230 3018 regna
2267 2956 2509 3018 predicta,
2546 2965 2602 3006 ut
2652 2956 2801 3006 citius
2853 2972 3001 3020 opor-

616 3040 834 3091 tunitate
869 3049 1074 3106 captata
1109 3042 1217 3091 fieri
1253 3043 1434 3106 potuit,
1470 3056 1562 3105 pro
1599 3040 1698 3102 hijs
1735 3048 1787 3088 ct
1824 3040 2129 3103 quibusdam
2165 3040 2280 3102 alijs
2316 3041 2505 3091 nostris
2543 3049 2596 3090 et
2640 3041 2853 3091 ecclesie
2899 3041 3000 3091 Ro-

615 3141 765 3175 mane
811 3125 1043 3189 negocijs
1089 3142 1205 3175 cum
1258 3128 1407 3185 certis
1459 3124 1646 3174 nostris
1699 3123 1881 3173 litteris
1933 3126 2249 3188 prouidimus
2304 3125 2650 3175 destinandos
2746 3123 3000 3186 Quocirca

615 3209 932 3259 nobilitatem
969 3219 1110 3258 tuam
1147 3225 1388 3272 rogamus
1424 3210 1668 3259 attentius
1706 3217 1758 3259 et
1792 3211 2061 3259 hortamur
2094 3212 2331 3274 quatinus
2369 3211 2585 3260 nuncios
2632 3217 2833 3260 nostros
2879 3226 2999 3274 pre-

615 3295 779 3343 dictos
816 3295 1008 3344 habens
1043 3310 1136 3358 pro
1172 3302 1350 3344 nostra
1385 3303 1436 3344 et
1470 3295 1697 3344 ciusdem
1732 3295 1866 3343 sedis
1920 3295 2208 3344 reuerentia
2257 3296 2561 3360 propensius
2614 3296 2998 3344 commendatos

615 3394 768 3443 super
802 3380 1129 3443 expeditione
1167 3379 1495 3441 negociorum
1532 3395 1624 3442 pro
1660 3379 1842 3442 quibus
1880 3379 2204 3428 destinantur
2237 3379 2391 3441 felici,
2419 3380 2493 3430 sic
2518 3379 2589 3429 eis
2617 3381 2742 3429 uelit
2766 3381 3005 3430 assistere

616 3470 706 3512 tua
743 3463 1129 3527 circumspectio
1168 3463 1396 3527 consilijs
1433 3464 1643 3526 auxilijs
1680 3471 1731 3513 et
1764 3462 2029 3514 fauoribus
2066 3464 2331 3528 oportunis
2368 3466 2504 3527 quod
2542 3465 2753 3528 proinde
2779 3466 3004 3514 diuinam

618 3555 670 3597 et
706 3547 932 3597 eiusdem
968 3548 1103 3598 sedis
1139 3548 1545 3598 benedictionem
1582 3556 1633 3598 ct
1669 3547 1886 3611 gratiam
1934 3549 2140 3598 uberius
2196 3550 2451 3598 merearis.
2539 3548 2673 3599 Sane
2725 3550 2846 3613 quia
2897 3550 3005 3612 regi

617 3634 845 3697 predicto
883 3648 1032 3696 quem
1067 3649 1158 3697 per
1194 3633 1331 3681 uiam
1366 3633 1546 3682 salutis
1584 3633 1732 3695 dirigi
1767 3633 2119 3682 desideranter
2155 3642 2408 3695 optamuS‚
2445 3639 2503 3681 ut
2545 3634 2653 3696 regi
2700 3642 2878 3683 eterno
2915 3649 3005 3697 per

619 3733 767 3781 quem
804 3726 986 3780 regnat
1021 3726 1073 3767 et
1107 3718 1300 3781 regitur
1335 3718 1536 3783 placere
1571 3733 1662 3781 per
1698 3732 1857 3781 opera
1891 3717 1976 3781 pia
2012 3727 2062 3766 et
2097 3717 2375 3767 laudabilia
2412 3719 2618 3768 studeat
2651 3719 2715 3768 ab
2763 3718 2860 3781 hijs
2908 3734 3002 3781 que

618 3817 707 3852 sue
744 3803 1027 3852 maiestatis
1063 3803 1242 3852 oculos
1279 3808 1490 3866 possent
1537 3800 1796 3850 offendere
1849 3801 2050 3866 penitus
2104 3802 2409 3861 abstinendo
2466 3818 2558 3866 per
2612 3804 2738 3853 alias
2797 3814 3002 3852 nostras

616 3887 814 3935 litteras
851 3903 976 3950 quas
1013 3887 1108 3936 sibi
1147 3887 1411 3949 dirigimus
1447 3886 1672 3949 paternis
1697 3886 1965 3935 affectibus
1992 3888 2265 3936 suademus
2290 3887 2525 3949 precibus
2551 3889 2735 3937 nostris
2756 3888 3001 3936 adicimus

619 3980 676 4021 ut
736 3979 788 4020 tu
843 3972 950 4020 filia
1007 3986 1178 4033 regern
1237 3973 1469 4029 eundem,
1523 3971 1708 4020 nostris
1761 3972 1967 4020 monitis
2005 3971 2292 4021 salubribus
2329 3972 2591 4034 aquiescat
2626 3973 2865 4021 inducere
2902 3987 3003 4020 non

617 4063 910 4120 postponas,
981 4055 1177 4104 Datum
1211 4063 1261 4102 ut
1295 4071 1463 4119 supra.

1496 4136 1631 4185 (Arch.
1665 4138 1747 4175 Vnt.
1777 4135 1872 4175 ibid.
1902 4148 1964 4187 ep.
1990 4136 2124 4181 2202).

1367 4364 1463 4422 57.
1558 4363 1734 4421 1326.
1823 4363 1963 4421 30te
2008 4362 2261 4439 August.

756 4479 1018 4529 [Iohannes
1056 4478 1326 4544 episcopus
1365 4495 1404 4527 s,
1443 4496 1481 4528 S.
1521 4481 1568 4528 d.
1605 4477 1884 4528 venerabili
1916 4477 2061 4526 fratri
2116 4513 2127 4525 .
2183 4513 2196 4525 .
2247 4478 2633 4541 ,archiepiscopo
2685 4477 3002 4528 Nidrosiensi

619 4564 838 4613 salutem
874 4572 926 4613 et
960 4564 1178 4628 apostol.
1216 4565 1465 4613 benedict.
1563 4563 1694 4615 Cum
1746 4578 1838 4613 nos
1898 4563 2115 4612 dilectos
2167 4562 2299 4611 filios
2353 4562 2644 4612 Johannem
2699 4564 2761 4610 dc
2808 4562 3001 4612 Serone

617 4647 840 4712 priorem
876 4655 1160 4697 conuentus
1194 4647 1410 4698 fratrum
1447 4649 1638 4698 ordinis
1673 4648 2055 4711 predicatorum
2092 4647 2153 4695 dc
2186 4647 2402 4710 Figiaeo
2429 4645 2755 4697 caturcensis
2794 4653 2844 4695 et
2877 4645 3002 4695 Ber-
