3534 5361
1779 359 1854 413 69

576 647 690 721 De
756 645 1052 721 denario
1121 645 1305 721 beati
1381 644 1574 720 Petri
1651 656 1953 745 recepto
2031 648 2094 719 in
2171 648 2457 721 ciuitate
2534 656 2602 720 et
2678 646 3158 722 diocesis0·.452,

1143 777 1650 855 Lundensibus
1714 781 1779 853 in
1847 802 2082 877 regno
2152 779 2398 854 Dacie.

744 962 919 1018 Anno
965 961 1064 1018 dfii
1110 970 1192 1017 m0.
1239 969 1366 1018 ccc‘!
1412 959 1601 1035 xxxij&
1647 961 1737 1017 die
1786 967 1946 1016 ,xx¹!¹⁸
1980 960 2189 1018 mensis
2233 960 2460 1035 Marcij.
2529 961 2720 1037 recepi
2766 982 2801 1018 a
2846 962 2961 1018 dfio

572 1060 885 1136 Thrugillo
928 1062 1208 1120 canonico
1259 1062 1549 1120 Lundensi
1596 1062 1905 1119 collectore
1951 1081 2157 1119 census
2201 1081 2302 1119 seu
2350 1061 2565 1135 denarij
2614 1062 2764 1118 beati
2801 1062 2960 1120 Petri

572 1163 632 1219 in
676 1163 910 1220 ciuitate
957 1171 1013 1219 et
1070 1162 1283 1219 diocesi
1347 1162 1753 1219 Lundensibus
1820 1162 2086 1219 omnibus
2155 1163 2502 1237 computatis
2570 1181 2683 1236 que
2750 1163 2823 1219 ab
2892 1182 2960 1219 eo

571 1281 906 1338 receperam
950 1282 1133 1338 usque
1178 1263 1236 1320 in
1282 1264 1433 1319 diem
1480 1270 1803 1337 presentem
1850 1281 1955 1336 pro
2002 1263 2183 1320 tribus
2239 1262 2402 1319 annis
2467 1263 2679 1338 quibus
2746 1262 2960 1320 dictum

575 1382 810 1421 censum
879 1383 981 1422 seu
1049 1364 1346 1421 denarium
1415 1362 1560 1419 dixit
1623 1381 1684 1419 se
1749 1362 2048 1437 collegisse
2108 1393 2185 1400 —
2250 1363 2447 1437 .lxxiij.
2497 1365 2779 1422 marchas.
2829 1382 2960 1420 cum

575 1463 829 1520 dimidia.
876 1472 933 1520 et
977 1464 1090 1537 .xij‚
1136 1464 1406 1522 denarios
1450 1473 1680 1520 monete
1725 1462 2074 1522 Scaniensis.

1182 1565 1427 1639 Recepit
1470 1563 1923 1636 justrumentum
1973 1563 2049 1623 G.
2095 1564 2357 1622 Blanchi.

747 1765 895 1822 Item
936 1786 1088 1824 anno
1135 1766 1232 1822 dfii
1281 1775 1382 1823 .m‘!
1427 1774 1555 1825 ccc‘!
1630 1765 1842 1841 xxxiij0.
1917 1767 2007 1822 die
2076 1766 2169 1841 .vj.
2240 1766 2601 1823 Decembris.
2668 1765 2862 1840 recepi
2927 1787 2963 1822 a

577 1866 836 1941 predicto
883 1867 998 1925 dfio
1023 1866 1330 1941 Thrugillo
1374 1867 1608 1924 racione
1654 1867 1790 1924 dicti
1838 1885 2043 1925 census
2090 1865 2317 1923 collecti
2346 1885 2466 1947 sper
2510 1885 2641 1923 eum
2687 1885 2792 1940 pro
2818 1867 2960 1923 duo-

577 1967 685 2024 bus
729 1967 893 2025 annis
937 1967 1199 2043 proxime
1245 1967 1530 2042 preteritis
1579 1995 1648 2003 —-
1701 1968 1875 2042 ‚xlvij.
1919 1968 2134 2026 solidos
2156 1985 2486 2042 grossorum
2513 1967 2960 2025 Turonensium.

1221 2067 1466 2142 Recepit
1497 2067 1953 2143 jnstrumentum
1992 2068 2313 2125 Johannes.

745 2253 1056 2313 Sciendum
1103 2263 1188 2310 est
1233 2255 1389 2328 quod
1435 2273 1507 2310 .x.
1558 2254 1776 2312 denarii
1823 2265 2050 2311 monete
2085 2253 2413 2313 Scaniensis
2455 2251 2673 2311 faciunt
2716 2252 2962 2310 solidum

578 2364 635 2411 et
679 2353 769 2428 .iij.
813 2354 979 2413 solidi
1025 2353 1243 2411 faciunt
1301 2374 1473 2411 vnam
1532 2373 1710 2412 oram.
1778 2364 1836 2412 et
1901 2354 2033 2428 xiij.
2099 2373 2197 2411 ore
2262 2353 2480 2411 faciunt
2546 2355 2839 2411 marcham
2907 2365 2963 2410 et

578 2455 811 2512 marcha
854 2454 1011 2512 valet
1051 2455 1300 2512 solidum
1346 2474 1681 2531 grossorum
1727 2454 2155 2513 Turonensium
2222 2454 2346 2513 siue
2394 2453 2486 2528 dij.
2546 2454 2763 2513 solidos
2793 2520 2796 2523 ,
2821 2464 2964 2514 ster·

578 2555 884 2631 lingorum.

1545 2725 1742 2800 ,lxxiij.
1791 2727 2024 2784 marche
2067 2746 2197 2785 cum
2232 2725 2482 2784 dimidia.
2517 2734 2575 2783 et
2606 2725 2722 2801 ,xij.
2746 2724 2962 2783 denarii

585 2806 712 2885 [αμ]
780 2811 1022 2869 Summa
1064 2810 1237 2869 huius
1280 2810 1490 2886 pagine
1628 2819 1858 2868 monete
1900 2811 2245 2871 Scaniensis.

1547 2894 1718 2969 ‚xlvij.
1764 2895 1979 2953 solidos
2023 2914 2353 2970 grossorum
2401 2895 2845 2953 Turonensium.

976 3386 1090 3461 De
1158 3386 1435 3463 decima
1505 3387 1810 3462 collecta
1881 3390 1945 3461 in
2013 3411 2249 3486 regno
2318 3387 2573 3461 Dacie.

750 3568 1051 3627 ‚Iohannes
1094 3570 1401 3645 episcopus
1446 3588 1648 3627 seruus
1691 3588 1990 3627 seruorum
2039 3569 2130 3625 dei
2190 3567 2639 3625 Venerabilibus
2698 3567 2971 3626 fratribus

585 3669 809 3726 Karolo
854 3670 1294 3745 archiepiscopo
1339 3670 1633 3728 Lundensi
1693 3680 1750 3727 et
1806 3669 2062 3726 Johanni
2130 3668 2404 3744 episcopo
2470 3667 2834 3726 Roskildensi
2901 3688 2970 3726 ac

586 3769 796 3827 dilecto
840 3770 958 3827 filio
999 3770 1177 3827 Petro
1226 3769 1496 3846 Geruasij
1543 3770 1824 3829 canonico
1872 3768 2113 3826 ecclesie
2154 3768 2338 3827 sancti
2384 3768 2595 3844 Euodij
2624 3769 2970 3840 Aniciensis,

585 3870 902 3945 apostolice
925 3873 1076 3930 sedis
1100 3872 1365 3946 NunciJS‚
1393 3872 1653 3931 Salutem
1689 3880 1745 3928 et
1782 3870 2159 3946 apostolicam
2197 3870 2678 3928 benedictionem
2728 3871 2968 3928 Dudum

582 3972 761 4030 felicis
804 3973 1230 4031 recordacionis
1277 3972 1547 4031 Clemens
1592 3993 1746 4049 papa
1793 3992 1863 4029 .v.
1924 3972 2299 4047 predecessor
2357 3979 2550 4029 noster
2614 3972 2689 4027 ad
2757 3982 2968 4029 terram

583 4081 841 4130 sanctam
889 4074 1048 4147 pium
1091 4093 1298 4148 gerens
1345 4074 1759 4148 compassionis
1825 4072 2093 4131 affectum
2166 4072 2446 4130 decimam
2515 4072 2769 4129 omnium
2835 4093 2968 4147 pro-

582 4183 861 4232 uentuum
911 4174 1433 4232 ecclesiasticorum
1481 4174 1835 4250 ubicumque
1884 4174 2323 4232 consistencium
2368 4174 2422 4229 in
2468 4172 2785 4230 subsidium
2819 4174 2968 4231 dicte

582 4287 733 4333 terre
779 4295 848 4333 ac
917 4276 1379 4333 christicolarum
1445 4278 1961 4334 transmarinarum
2026 4274 2284 4349 parcium
2351 4292 2457 4330 nec
2523 4292 2637 4330 non
2705 4285 2762 4331 et
2824 4274 2970 4333 alias

585 4386 787 4435 contra
831 4376 1092 4435 inimicos
1138 4385 1196 4433 et
1237 4376 1482 4435 rebelles
1526 4378 1658 4434 fidei
1705 4377 1989 4436 catholice
2045 4377 2100 4433 in
2170 4374 2415 4434 concilio
2483 4374 2801 4433 Viennensi
2864 4396 2969 4451 per

583 4497 685 4535 sex
733 4497 914 4535 annos
960 4478 1161 4534 eodem
1223 4479 1583 4554 approbante
1642 4478 1886 4535 concilio
1955 4476 2229 4552 imposuit
2295 4478 2743 4535 conuertendam
2814 4477 2968 4536 Sane

585 4597 714 4635 cum
758 4578 1081 4636 huiusmodi
1130 4578 1353 4635 decima
1399 4596 1504 4653 pro
1551 4578 1754 4635 maiori
1800 4587 1964 4653 parte
2012 4576 2255 4635 collecta
2300 4577 2354 4633 in
2401 4587 2504 4633 tua
2545 4577 2721 4649 frater
2743 4578 2965 4634 archie-

585 4678 820 4753 piscope
866 4679 1169 4754 prouincia
1213 4680 1362 4736 sicut
1409 4678 1741 4752 accepimus
1784 4678 1949 4735 fuerit
1990 4686 2046 4734 et
2089 4678 2145 4734 in
2205 4676 2447 4734 diuersis
2505 4677 2647 4735 locis
2714 4678 2963 4751 reposita

2990 3429 3053 3466 sol.
3067 3427 3166 3465 451³.
