3534 5361
1719 354 1838 416 134

578 535 722 606 Hec
775 534 1093 606 beneficia
1151 544 1564 605 vacauerunt
1617 537 1681 603 in
1736 536 2005 603 ciuitate
2052 535 2392 604 etdiocesi
2424 532 2964 603 Orchadensibus

581 652 750 723 infra
805 654 1168 746 predictum
1224 653 1562 722 Biennium
1622 674 1751 744 que
1805 649 2147 720 soluerunt
2213 651 2463 721 fructus
2543 653 2729 747 primi
2814 653 2963 719 anni

1561 777 1634 836 vt
1686 770 1982 861 seqnitur

1684 942 1869 998 pnmo

579 1025 890 1084 Prebenda
934 1025 1006 1082 de
1052 1023 1342 1100 *Stonsap
1400 1066 1835 1080 .....
1840 1023 1917 1099 vj.
1961 1042 2138 1082 marc.
2186 1043 2307 1099 arg.
2351 1024 2620 1100 ponderis
2663 1024 2972 1082 Noricani.

580 1125 824 1186 Vicaria
869 1126 941 1183 de
983 1124 1307 1200 *Stronsap
1406 1166 1844 1181 .....
1851 1144 1906 1182 v.
1951 1143 2125 1182 marc.
2172 1143 2293 1199 arg.
2337 1125 2592 1183 eiusdem
2638 1125 2927 1201 ponderis.

580 1227 856 1286 Ecclesia
896 1227 968 1286 de
1010 1227 1283 1303 Vaestray
1407 1268 1845 1283 .....
1850 1245 1950 1283 xv.
1987 1225 2090 1284 sol.
2138 1225 2563 1301 sterlingorum.

581 1328 851 1387 Ecclesia
891 1327 964 1385 de
1008 1328 1146 1403 Hay
1192 1371 1205 1384 .
1300 1373 1311 1384 .
1408 1371 1418 1383 .
1513 1371 1525 1382 .
1618 1370 1629 1383 .
1722 1372 1735 1385 .
1829 1326 1883 1400 .j.
1928 1347 2104 1386 marc.
2151 1346 2275 1402 arg.
2323 1326 2595 1402 ponderis
2640 1326 2901 1401 predicti.

584 1428 894 1486 Prebenda
938 1429 1010 1487 de
1057 1429 1335 1488 Sandwik
1405 1471 1840 1485 .....
1846 1427 1924 1501 iij.
1967 1427 2096 1485 libr.
2142 1447 2275 1485 cum
2320 1426 2453 1502 xiij.
2501 1427 2604 1485 sol.
2650 1427 2906 1502 sterling.

583 1527 855 1587 Ecclesia
892 1528 964 1587 de
1007 1529 1270 1605 Dyrsnes
1403 1571 1845 1585 .....
1850 1527 2007 1602 xxvj.
2033 1527 2137 1587 sol.
2187 1548 2320 1586 cum
2366 1527 2498 1602 ,viij.
2548 1529 2675 1586 den.
2720 1529 2973 1603 sterling.

583 1629 1146 1688 Prebendaecclesie
1163 1640 1363 1689 sancte
1380 1630 1584 1689 Crucis
1608 1630 1679 1687 de
1696 1630 1783 1688 Be
1830 1629 1922 1705 .iij.
1967 1628 2099 1685 libr.
2149 1648 2280 1687 cum
2327 1628 2442 1703 .xij.
2488 1628 2590 1686 sol.
2635 1630 2888 1704 sterling.

584 1729 855 1788 Ecclesia
896 1731 967 1788 de
1013 1730 1185 1792 Orier
1314 1774 1857 1789 ......
1861 1750 1963 1787 xx.
2009 1730 2113 1789 sol.
2157 1731 2411 1806 sterling.

586 1831 895 1889 Prebenda
938 1832 1036 1889 dni
1081 1830 1326 1890 Rikardi
1424 1874 1861 1889 .....
1868 1829 2068 1905 xxxvj.
2115 1832 2218 1889 sol.
2263 1831 2518 1906 sterling.

593 2250 734 2320 Hec
787 2248 1581 2321 Beneficiauacauerunt
1636 2252 1699 2320 in
1756 2253 2018 2320 ciuitate
2074 2261 2140 2320 et
2204 2252 2456 2321 diocesi
2525 2250 2979 2341 Bergensibus

592 2367 761 2438 infra
815 2367 1180 2462 predictum
1237 2369 1577 2440 Biennium
1634 2391 1762 2463 que
1816 2368 2157 2470 solnerunt
2224 2369 2474 2439 fructus
2555 2371 2745 2462 primi
2830 2371 2977 2437 anni

1564 2496 1639 2555 vt
1691 2489 2005 2579 sequitur.

593 2658 865 2717 Ecclesia
909 2658 980 2716 de
1025 2657 1183 2734 Augi
1256 2702 1805 2717 ......
1812 2658 1909 2735 xlj.
1952 2678 2129 2719 marc.
2176 2668 2233 2717 et
2274 2659 2383 2735 .vij.
2430 2679 2514 2717 or.
2564 2678 2697 2719 cum
2748 2658 2984 2718 dimidia

1892 2761 2278 2818 denariorum.

595 2859 842 2937 Capella
885 2862 957 2920 de
1000 2863 1357 2920 Herstodum
1484 2905 1496 2918 .
1590 2906 1602 2919 .
1694 2905 1707 2919 .
1801 2862 1914 2938 ,vij.
1961 2881 2135 2921 marc.
2182 2882 2311 2920 cum
2360 2861 2502 2918 dim‘.
2548 2864 2675 2920 den.

593 2961 863 3020 Ecclesia
904 2963 975 3020 de
1018 2963 1167 3021 Nios
1271 3006 1813 3021 ......
1816 2983 1914 3022 xv.
1936 2983 2117 3021 marc.
2145 2983 2275 3022 cum
2302 2964 2533 3021 dimidia
2561 2973 2618 3021 et
2641 2963 2712 3036 .ij.
2741 2983 2824 3022 or.
2852 2965 2981 3020 den.

593 3062 860 3121 Ecclesie
899 3064 970 3121 de
1016 3064 1339 3122 Lidalande
1384 3074 1440 3123 et
1485 3065 1690 3140 Sundy
1800 3062 1934 3139 .xvj.
1984 3083 2158 3121 marc.
2202 3083 2335 3121 cum
2381 3065 2521 3122 dim!
2568 3067 2696 3123 den.

595 3163 861 3222 Ecclesie
907 3164 979 3222 de
1020 3166 1430 3241 Hyllestodum
1475 3175 1532 3223 et
1572 3168 1709 3223 An.
1802 3185 1917 3223 .xx.
1965 3184 2138 3221 marc.
2185 3164 2261 3238 vj.
2305 3185 2383 3223 or.
2426 3175 2482 3222 et
2523 3166 2657 3224 dim.
2711 3167 2815 3224 sol.
2858 3168 2986 3223 den.

591 3264 856 3323 Ecclesie
900 3265 971 3324 de
1018 3267 1220 3343 Lygru
1264 3277 1320 3325 et
1366 3268 1601 3325 Lindias
1692 3312 1703 3323 .
1797 3285 1909 3322 .xv.
1955 3286 2130 3324 marc,
2178 3285 2309 3324 cum
2356 3267 2498 3324 dim!
2544 3268 2670 3325 den.

594 3363 839 3440 Capella
883 3366 955 3423 <le
999 3368 1173 3443 Hope
1273 3411 1814 3426 ......
1820 3367 1939 3443 xiij.
1988 3387 2165 3424 marc.
2213 3368 2596 3426 denariorum.

595 3464 863 3523 Ecclesia
907 3467 979 3526 de
1030 3468 1234 3528 Stediu
1377 3513 1815 3526 .....
1820 3488 1961 3525 xxx.
2008 3487 2184 3527 marc.
2229 3488 2360 3526 cum
2404 3469 2546 3526 dim-2
2592 3470 2719 3527 den.

593 3565 864 3625 Ecclesia
909 3569 980 3626 de
1020 3570 1352 3630 Kinsarwik
1382 3613 1813 3628 .....
1820 3568 2021 3644 xxxiij.
2068 3588 2241 3628 marc.
2292 3590 2422 3628 cum
2467 3570 2610 3628 dimfl.
2655 3572 2783 3628 den.

597 3665 842 3742 Capella
886 3671 957 3727 de
1002 3670 1210 3749 Obirgi
1275 3714 1816 3729 ......
1822 3671 1919 3746 xij.
1968 3689 2143 3729 marc.
2193 3690 2325 3729 cum
2371 3673 2513 3728 dimi
2560 3673 2689 3729 den.

596 3767 863 3828 Ecclesia
908 3772 979 3828 de
1005 3771 1247 3838 Guddal
1293 3783 1350 3832 et
1391 3773 1650 3833 Sandum
1699 3816 1710 3828 .
1807 3792 1920 3829 .xv.
1967 3792 2143 3828 marc.
2187 3791 2318 3830 cum
2365 3772 2506 3829 dime
2553 3774 2679 3830 den.

596 3869 868 3929 Ecclesia
914 3872 986 3929 de
1030 3872 1192 3930 Firdi
1277 3916 1819 3931 ......
1824 3893 1923 3930 xx.
1973 3892 2149 3930 marc.
2199 3872 2584 3930 denariorum.

578 3970 869 4047 Ecclesia
914 3973 985 4029 de
1033 3972 1334 4032 Gasaland
1381 4018 1815 4032 .....
1822 3995 1880 4033 x.
1925 3992 2102 4030 marc.
2152 3982 2209 4030 et
2253 3973 2325 4048 .ij.
2370 3993 2451 4031 or.
2498 3975 2624 4031 den.

600 4070 868 4129 Ecclesia
910 4074 982 4130 de
1026 4076 1282 4133 *Pusam
1385 4119 1817 4134 .....
1822 4074 1900 4149 xj.
1948 4094 2120 4133 marc.
2168 4083 2225 4132 et·
2269 4073 2319 4149 .j.
2366 4095 2448 4131 or.
2494 4095 2622 4133 cum
2671 4076 2814 4133 dim!
2860 4076 2990 4133 den.

597 4171 868 4230 Ecclesia
916 4176 987 4232 de
1030 4174 1362 4233 Onarheimi
1490 4221 1502 4233 .
1596 4220 1609 4233 .
1701 4219 1715 4233 .
1808 4175 1922 4250 .xij.
1967 4194 2145 4233 marc.
2194 4175 2580 4233 denariorum.

598 4272 868 4331 Ecclesia
911 4276 982 4332 de
1026 4275 1251 4335 Moster
1381 4320 1819 4334 .....
1825 4276 1963 4353 xvij.
2001 4296 2160 4334 marc
2224 4296 2354 4334 cum
2400 4276 2474 4351 vj.
2514 4297 2594 4334 or.
2638 4278 2771 4333 den.

595 4373 904 4432 Prebenda
949 4376 1046 4432 diii
1092 4377 1336 4436 Barderi
1381 4421 1821 4436 .....
1826 4377 1901 4452 vj.
1949 4398 2126 4436 marc.
2172 4397 2302 4436 cum
2350 4398 2420 4434 .v.
2470 4398 2550 4435 or.
2599 4380 2728 4436 den.

598 4474 907 4533 Prebenda
949 4477 1047 4534 dfii
1091 4479 1252 4538 Erici
1283 4523 1821 4537 ......
1828 4478 1944 4552 viij.
1991 4497 2169 4537 marc.
2217 4479 2605 4538 denariorum.

597 4575 863 4634 Ecclesie
900 4578 970 4635 de
999 4579 1388 4657 &Risnapyrdi
1418 4586 1475 4639 et
1505 4581 1718 4640 Lamb-

768 4680 967 4747 uikutn
1078 4724 1090 4737 .
1183 4724 1196 4737 .
1289 4725 1301 4738 .
1368 4745 1372 4751 ¹
1396 4725 1835 4738 .....
1841 4681 2007 4754 xviij..
2046 4699 2221 4739 marc.
2268 4700 2400 4738 cum
2445 4680 2536 4755 .vj.
2575 4701 2655 4739 or.
2704 4682 2838 4739 den.
