3534 5361
324 574 391 611 fol.
422 572 465 608 ¹8
485 574 520 610 b.

329 3989 394 4027 fol.
421 3987 464 4024 19
483 3999 516 4025 a.

1686 380 1758 436 12

694 562 843 619 Item
888 564 1043 637 quod
1090 565 1160 621 de
1206 563 1821 638 condempnationibus
1865 583 1968 622 seu
2021 561 2275 621 emendis
2332 563 2582 620 reddidit
2624 562 2905 619 rationem

529 663 582 718 in
629 682 832 735 grosso
883 692 949 701 -—
1003 665 1225 723 scilicet
1268 663 1455 720 solum
1502 665 1573 721 de
1618 665 1800 724 tribus
1845 665 2206 723 soluentibus
2251 665 2322 721 de
2366 673 2491 721 tota
2512 663 2702 721 Dacia
2747 664 2907 720 etde

528 763 739 822 Suecia
784 766 854 822 de
901 767 1127 824 duobus
1171 764 1547 824 soluentibus.

696 863 841 921 Item
890 867 1045 940 quod
1091 868 1163 923 de
1208 865 1314 941 hijs
1359 886 1471 940 que
1516 876 1917 923 remanserunt
1958 866 2013 922 in
2072 865 2334 941 partibus
2389 865 2500 922 illis
2559 882 2673 920 non
2728 864 2907 937 assig-

527 974 625 1021 nat
665 966 890 1040 aliquas
936 967 1233 1025 cautiones
1277 966 1383 1023 nisi
1426 966 1582 1041 quod
1627 967 1834 1040 prelati
1881 986 2077 1024 coram
2120 967 2330 1042 quibus
2393 965 2676 1022 rationem
2721 965 2909 1021 reddit

526 1065 907 1125 testificantur
948 1088 1052 1142 per
1094 1068 1314 1125 litteras
1362 1088 1496 1126 suas
1552 1103 1607 1108 ---
1669 1068 1827 1142 quod
1873 1088 1987 1125 non
2031 1069 2263 1125 uidetur
2306 1066 2583 1124 sufficere.

692 1167 840 1224 Item
908 1169 1063 1244 quod
1130 1169 1362 1243 quando
1423 1168 1688 1226 transiuit
1743 1188 1901 1226 mare
1961 1169 2207 1226 muniuit
2262 1187 2469 1224 nauem
2526 1167 2597 1222 de
2643 1167 2910 1223 omnibus

528 1268 878 1327 uic-‚tualibus
924 1269 1223 1345 oportunis
1268 1279 1387 1325 tam
1433 1289 1538 1344 pro
1583 1288 1644 1326 se
1689 1291 1863 1346 quam
1909 1290 2015 1345 pro
2061 1270 2302 1340 decima,
2348 1269 2559 1343 quibus
2603 1267 2710 1323 fuit
2754 1285 2909 1334 usuS‚

527 1377 583 1424 et
628 1378 864 1444 propter
908 1373 1017 1428 hoc
1063 1370 1236 1427 nichil
1283 1380 1583 1444 computat
1627 1371 1697 1427 de
1743 1391 1849 1429 suo
1894 1371 2123 1428 salariO.

695 1471 844 1528 Item
891 1472 1048 1546 quod
1093 1470 1238 1546 petit
1283 1473 1439 1546 quod
1485 1472 1727 1530 satisfiat
1770 1471 1888 1530 suis
1931 1470 2306 1528 familiaribus
2352 1470 2423 1526 de
2469 1470 2708 1526 decima.

697 1570 840 1628 Item
887 1574 1045 1647 quod
1088 1591 1193 1646 per
1238 1572 1352 1647 ,vij.
1399 1592 1581 1630 annos
1627 1572 1930 1630 continuos
1974 1573 2195 1647 recepit
2237 1571 2524 1646 stipendia
2577 1579 2633 1626 et
2685 1568 2909 1625 nullum

526 1671 676 1727 diem
722 1672 985 1730 detrahit.

695 1771 844 1829 Item
906 1774 976 1831 de
1172 1773 1297 1848 viij0.
1339 1775 1456 1849 xxj.
1502 1774 1661 1832 libris
1718 1774 1940 1832 Turon.
1989 1794 2136 1849 quas
2182 1773 2487 1849 episcopus
2530 1771 2910 1847 Lincopensis

530 1872 777 1929 debebat
837 1875 974 1931 dare
1020 1894 1134 1932 non
1179 1876 1426 1933 restituit
1470 1876 1725 1950 aliquam
1764 1876 2012 1933 litteram
2058 1876 2191 1934 licet
2235 1876 2387 1932 idem
2443 1873 2910 1948 archiepiscopus

526 1974 811 2047 receperit
853 2004 935 2011 —-
978 1973 1061 2047 vj‘?
1106 1974 1282 2032 libras
1328 1977 1398 2033 de
1443 1977 1599 2033 dieta
1642 1996 1884 2035 summa.
2425 1971 2444 1983 ²

695 2075 1003 2132 Habentur
1047 2078 1117 2133 de
1163 2077 1438 2152 depositis
1482 2086 1539 2135 et
1581 2078 1869 2136 solutione
1915 2077 2236 2135 medietatis
2281 2076 2502 2134 decime
2538 2085 2689 2133 terre
2711 2084 2910 2134 sancte

530 2203 611 2212 —
654 2178 771 2254 xvj.
816 2176 964 2235 inter
1006 2177 1385 2235 instrumenta
1431 2189 1488 2237 et
1531 2180 1771 2238 litteras.

697 2365 857 2421 Nota
902 2365 1058 2438 quod
1105 2374 1236 2439 post
1280 2365 1560 2423 rationem
1604 2367 1924 2441 predictam
1971 2367 2103 2423 date
2147 2365 2377 2423 fuerunt
2421 2365 2491 2421 de
2535 2363 2724 2438 gratia
2781 2383 2910 2438 pre-

530 2464 685 2522 dicto
710 2464 1172 2540 Archiepiscopo
1196 2484 1300 2539 per
1325 2466 1585 2524 dominos
1610 2465 1951 2525 Cardinales
2002 2494 2069 2502 -
2119 2466 2204 2541 iijc.
2248 2467 2390 2523 libre
2415 2466 2637 2523 Turon.
2669 2484 2775 2540 pro
2820 2484 2911 2520 re-

544 2567 1012 2641 compensatione
1060 2565 1252 2640 salarij
1298 2566 1510 2624 familie
1575 2586 1677 2625 sue
1743 2587 1857 2643 que
1922 2567 2029 2625 sibi
2087 2568 2410 2625 seruiuerat
2464 2567 2521 2624 in
2568 2565 2911 2623 executione

530 2667 858 2727 huiusmodi
903 2667 1141 2726 decime.

697 2770 790 2826 De
834 2771 1097 2844 predicta
1141 2779 1335 2827 autem
1380 2771 1629 2845 pecunia
1674 2770 1896 2828 decime
1936 2770 2181 2828 collecta
2246 2771 2304 2828 in
2344 2769 2535 2827 Dacia
2588 2778 2645 2826 et
2698 2768 2912 2828 Suecia

531 2871 587 2928 in
634 2881 835 2928 mutuo
878 2878 997 2929 xv¹3¹
1076 2871 1159 2945 vj‘i
1220 2872 1519 2929 vnciarum
1566 2873 1692 2929 auri
1744 2871 1898 2929 facto
1957 2873 2071 2928 diio
2127 2872 2249 2947 regi
2316 2870 2511 2930 Sicilie
2577 2890 2683 2946 pro
2746 2870 2913 2928 factis

529 2973 716 3047 Regni
763 2973 957 3033 Sicilie
1002 2974 1302 3031 soluerunt
1345 2983 1698 3031 mercatores
1742 2973 1816 3030 de
1860 2973 2137 3030 societate
2181 2973 2465 3031 Johannis
2525 2973 2595 3028 de
2652 2971 2911 3030 Crusolis

532 3075 601 3131 de
665 3074 865 3132 Monte
924 3074 1202 3150 pesulano
1264 3093 1370 3150 pro
1428 3093 1521 3131 .m.
1581 3094 1700 3132 ccc.
1770 3073 2016 3131 marchis
2071 3074 2294 3147 argenti
2340 3074 2410 3130 de
2456 3074 2792 3133 Guandauo
2836 3074 2911 3129 ad

531 3177 756 3250 pondus
800 3178 1091 3238 'I'recense
1152 3210 1204 3216 —-
1263 3186 1337 3233 v¹3¹
1391 3173 1476 3250 5qu
1520 3194 1699 3232 xxxv.
1740 3177 1988 3233 florenos
2032 3175 2156 3232 auri
2204 3185 2261 3232 et
2319 3204 2376 3211 —·
2429 3175 2590 3232 lxxx.
2634 3175 2811 3232 libras
2856 3184 2913 3231 et

529 3277 603 3348 vj.
648 3279 775 3335 den.
822 3289 878 3337 et
932 3279 1084 3336 *dua
1129 3280 1297 3337 tertia
1341 3280 1510 3336 vnius
1554 3278 1770 3352 denarij
1819 3278 2247 3335 Turonensium
2291 3295 2623 3352 grossorum
2670 3276 2913 3350 argenti.

532 3381 876 3452 computatis
930 3381 1062 3456 .liiij.
1106 3380 1543 3438 Turonensibus
1609 3379 1945 3452 etldimidio
2000 3380 2214 3453 grossis
2279 3399 2385 3454 pro
2437 3377 2695 3453 qualibet
2758 3396 2911 3433 mar-

531 3482 657 3540 cha.
746 3482 860 3556 Qui
904 3482 1107 3540 floreni
1169 3492 1223 3539 et
1267 3483 1638 3539 Turonenses
1682 3481 1882 3537 ualent
1935 3508 1998 3516 -
2052 3499 2124 3537 m.
2169 3479 2274 3554 iiijc.
2327 3479 2485 3554 lxvij.
2529 3479 2728 3537 vncias
2772 3479 2916 3549 auri,

530 3582 619 3655 xj.
644 3583 1014 3643 Turonenses
1056 3603 1289 3659 grossos
1323 3593 1379 3640 81
1412 3585 1526 3640 (1110
1563 3582 1731 3640 tertia
1751 3581 1920 3638 vnius
1945 3580 2315 3640 Turonenses
2339 3581 2524 3656 grossi
2548 3581 2619 3637 de
2657 3588 2916 3654 argentO.

697 3684 871 3742 Vnde
937 3686 1091 3744 facta
1144 3685 1367 3743 ratione
1425 3684 1495 3740 de
1551 3683 1825 3758 predictis
1881 3684 2129 3758 receptis
2189 3683 2263 3739 ad
2307 3683 2571 3757 predict-a
2615 3689 2818 3738 mutua
2862 3689 2919 3737 et

531 3784 840 3862 expensas¹
851 3830 1116 3845 .....

1012 3954 1177 4043 viiij.
1284 3953 1386 4021 De
1441 3952 1710 4021 decimis
1781 3952 1995 4042 Regni
2051 3951 2439 4041 Norwegie.

702 4077 771 4132 In
819 4074 1051 4133 nomine
1093 4075 1192 4131 diii
1236 4076 1445 4133 Amen.
1535 4077 1599 4133 In
1646 4075 1799 4133 facto
1846 4074 2067 4131 decime
2112 4083 2261 4130 terre
2306 4083 2505 4131 sancte
2560 4071 2804 4129 collecte
2860 4071 2920 4128 in

432 4223 437 4227 .
531 4179 737 4253 Regno
780 4177 1076 4253 Norvegie
1121 4177 1306 4251 primo
1354 4185 1439 4235 est
1483 4178 1919 4235 memorandum
1965 4176 2119 4250 quod
2164 4174 2242 4232 ibi
2288 4196 2323 4232 a
2366 4174 2650 4250 principio
2671 4173 2777 4231 fuit
2801 4173 2919 4231 001-

532 4279 715 4337 lector
738 4278 1231 4354 Archiepiscopus
1272 4278 1661 4337 Nidrosiensis
1707 4277 1985 4354 quamdiu
2028 4276 2176 4333 uixit
2221 4285 2277 4334 et
2322 4279 2392 4334 de
2438 4275 2687 4351 pecunia
2744 4294 2919 4350 quam

603 4389 619 4418 ¹
670 4395 853 4442 Denne
902 4393 1132 4456 Saetning
1177 4410 1231 4442 er
1276 4393 1395 4441 ikke
1445 4393 1673 4442 fuldfert.
1762 4392 1872 4442 Paa
1918 4394 2003 4441 det
2039 4393 2344 4442 tilsvarendc
2381 4391 2506 4441 Sted
2543 4392 2557 4438 i
2591 4390 2924 4452 Regnskabet

670 4477 752 4526 sor
778 4478 1163 4541 Indsamlingen
1197 4478 1212 4524 i
1249 4479 1504 4528 Skotland
1551 4486 1691 4527 81881·
1745 4479 1857 4527 der:
1924 4476 2105 4539 „Vnde
2150 4477 2289 4527 facta
2334 4477 2534 4526 ratione
2572 4477 2632 4523 de
2680 4473 2920 4537 predictis

670 4562 885 4625 receptis
941 4565 1006 4612 ad
1055 4578 1307 4627 expensas
1357 4571 1407 4611 et
1452 4568 1629 4610 mutua
1677 4561 1816 4611 facta
1861 4563 1921 4611 de
1968 4564 2038 4611 eis
2086 4569 2299 4626 apparet
2346 4563 2483 4624 quod
2528 4553 2754 4609 restant“
2803 4553 2923 4614 (her

671 4662 870 4695 noevncs
907 4663 970 4696 en
1008 4647 1129 4697 Sum
1171 4664 1216 4695 o.
1256 4663 1294 4697 s.
1331 4664 1376 4694 v.
1470 4648 1651 4695 Denne
1700 4647 1826 4697 Sum
1869 4648 2039 4695 kunde
2078 4661 2238 4709 ogsaa
2274 4647 2366 4695 her
2401 4645 2614 4695 ovenfor
2649 4641 2707 4691 af
2738 4642 2799 4689 de
2835 4655 2922 4689 au-

671 4730 801 4780 ferte
838 4730 935 4780 Tal
972 4733 1045 4781 let
1079 4733 1339 4795 beregneS.
