3534 5361
1751 375 1829 431 96

604 557 981 617 Osloensibus
1044 578 1148 633 per
1215 558 1351 615 dfim
1413 567 1671 617 nostrum
1736 579 1950 635 papam
2009 569 2437 617 reseruatorum
2501 586 2568 596 —
2620 559 2756 616 dxx.
2802 578 2979 616 marc.

605 660 732 716 den.
777 668 1003 717 monete
1046 659 1359 716 Noricane.

775 761 917 818 Item
970 790 1014 797 -
1082 761 1174 818 .ix.
1220 780 1395 818 marc.
1437 780 1557 837 arg.
1603 761 1663 818 in
1705 762 1862 819 vasis
1907 771 1963 819 et
1985 760 2217 820 *fractis
2240 781 2362 837 arg.
2385 762 2657 837 ponderis
2682 761 2980 819 Noricani.

606 871 970 935 computatas
1014 882 1118 937 pro
1163 862 1378 936 .xxxvj.
1425 882 1600 920 marc.
1645 863 1798 921 dicte
1845 873 2070 920 monete
2115 864 2427 921 Noricane.

773 963 921 1019 Item
975 991 1042 1000 -
1094 963 1290 1038 xxiiij.
1325 965 1524 1022 floren.
1572 964 1715 1020 auri.
1783 976 2150 1041 computatos
2193 984 2299 1040 pro
2349 963 2574 1038 ‚xxiiij‘er
2603 983 2778 1022 marc.
2826 964 2981 1021 dicte

606 1073 854 1120 monete.

775 1166 924 1222 Item
986 1201 1056 1207 ——
1108 1160 1646 1318 .j.1·egalem}auri

1118 1288 1190 1342 .1J.
1234 1287 1419 1343 agnos

1120 1379 1176 1426 et
1221 1369 1309 1444 .vj.
1354 1371 1458 1429 sol.
1503 1371 1931 1447 sterlingorum,

610 1479 974 1545 computatos
1017 1491 1124 1548 pro
1167 1490 1238 1528 .v.
1281 1491 1457 1529 marc.
1504 1484 1560 1529 et
1604 1473 1841 1529 dimidia
1886 1473 2038 1531 dicte
2084 1483 2328 1531 monete.

777 1572 924 1628 Item
972 1601 1050 1610 -
1093 1573 1185 1648 .xj.
1229 1573 1354 1631 libr.
1402 1585 1457 1631 et
1503 1574 1619 1648 .xij.
1665 1575 1764 1632 sol.
1815 1593 1946 1630 cum
1991 1575 2100 1649 .vij.
2147 1576 2274 1632 den.
2320 1575 2742 1650 sterlingorum.

1267 1678 1512 1753 Recepit
1543 1676 1995 1750 jnstrumentum
2040 1678 2321 1736 «Iacobus,

779 1878 925 1934 Item
972 1898 1123 1935 anno
1168 1898 1285 1954 quo
1329 1899 1522 1953 supra.
1566 1881 1654 1937 die
1703 1881 1774 1954 .ij.
1822 1881 2031 1938 mensis
2074 1880 2236 1954 Julij.
2280 1880 2498 1955 Recepi
2543 1900 2580 1937 a
2624 1880 2738 1937 dflo
2799 1880 2989 1955 Bryn-

614 1978 791 2053 ulpho
834 1980 1074 2037 Haraldi
1124 1981 1404 2037 canonico
1432 1982 1776 2039 Hamarensi
1814 1982 2046 2039 racione
2087 1981 2377 2039 fructuum
2423 1981 2589 2056 primi
2636 1981 2770 2038 anni
2813 1982 2989 2038 bene-

614 2078 876 2136 ficiorum
921 2082 1262 2138 vacancium
1315 2083 1532 2140 dudum
1576 2084 1633 2140 in
1695 2083 1934 2140 ciuitate
1999 2093 2056 2139 et
2121 2082 2337 2140 diocesi
2407 2082 2861 2140 Hamarensibus
2903 2108 2987 2117 —

618 2179 877 2254 .xxxviij.
922 2200 1096 2240 marc.
1140 2202 1197 2239 v.
1245 2203 1326 2241 or.
1373 2203 1504 2242 cum
1550 2185 1787 2241 dimidia
1832 2184 1984 2241 dicte
2030 2184 2247 2242 usualis
2293 2193 2518 2241 monete
2561 2183 2873 2241 Noricane.

1258 2287 1503 2361 Recepit
1535 2285 1987 2360 jnstrumentum
2028 2286 2346 2343 Johannes.

786 2486 934 2543 Item
957 2487 1177 2562 Recepi
1214 2490 1285 2546 de
1332 2491 1545 2547 eisdem
1589 2489 1871 2548 fructibus
1916 2490 2325 2547 beneficiorum
2369 2486 2713 2545 vacancium
2756 2488 2815 2542 in
2865 2503 2993 2561 pre-

621 2588 786 2645 dictis
831 2588 1065 2645 ciuitate
1111 2601 1167 2647 et
1211 2591 1422 2648 diocesi
1472 2593 1926 2650 Hamarensibus
1970 2612 2075 2668 per
2118 2610 2322 2648 manus
2359 2588 2455 2646 dni
2483 2586 2793 2647 Guthormi
2822 2585 2991 2644 Pauli

621 2692 885 2767 Magistri
911 2692 1264 2767 capellarum
1289 2694 1384 2751 dfii
1408 2695 1586 2770 Regis
1602 2694 1915 2771 Norwegie
1952 2722 2034 2731 —
2057 2693 2186 2767 .viij.
2214 2711 2389 2748 marc.
2421 2691 2547 2748 den.
2573 2690 2727 2746 dicte
2754 2699 2996 2746 monete.

1565 2797 1789 2854 Habuit
1827 2797 2065 2854 litteras.

794 3000 936 3057 Item
984 3019 1135 3056 anno
1180 3019 1296 3075 quo
1339 3019 1531 3075 supra.
1578 2983 1669 3056 die
1715 3001 1810 3057 .ix.
1870 3000 2079 3057 mensis
2147 2998 2420 3074 Augusti.
2494 2994 2714 3070 Recepi
2784 3013 2820 3050 a
2884 2993 3000 3048 dfio

628 3101 874 3160 Ormero
919 3100 1197 3159 canonico
1243 3100 1659 3176 Stauangrensi
1704 3101 2015 3159 collectore
2061 3101 2344 3158 dictorum
2390 3098 2682 3156 fructuum
2740 3094 2799 3151 in
2861 3092 3001 3151 ciui·

627 3212 746 3260 tate
787 3213 844 3260 et
886 3202 1100 3260 diocesi
1137 3202 1663 3275 Stauangrensibus
1710 3229 1790 3238 -
1835 3222 1950 3260 .xv.
1996 3221 2174 3260 marc.
2224 3202 2377 3259 dicte
2422 3208 2649 3256 monete
2693 3195 3003 3253 Noricane.

1291 3303 1536 3380 Recepit
1566 3305 2019 3379 jnstrumentum
2062 3302 2341 3361 Jacobus.

1592 3489 1803 3563 ‚cxxxj.
1850 3509 2028 3546 marc.
2075 3507 2131 3544 v.
2176 3509 2258 3545 or.
2306 3506 2438 3545 cum
2483 3485 2733 3543 dimidia.
2781 3490 3007 3540 monete

1674 3575 1986 3632 Noricane.

1596 3659 1691 3715 .ix.
1735 3679 1912 3716 marc.
1957 3678 2076 3735 arg.
2122 3656 2391 3733 ponderis
2434 3655 2734 3714 Noricam.

633 3746 766 3825 [apd
827 3748 1067 3807 Summa
1109 3743 1279 3802 huius
1325 3743 1538 3820 pagine
1593 3746 1685 3820 .xj.
1707 3745 1833 3802 libr.
1857 3744 2013 3819 xviij.
2035 3743 2140 3802 sol.
2176 3751 2234 3799 et
2267 3740 2376 3816 .vij.
2412 3742 2541 3797 den.
2580 3738 3006 3814 sterlingorum.

1595 3830 1820 3905 ‚xxiiijqr
1864 3829 2066 3886 fioreni
2111 3827 2296 3904 parui.

1598 3915 1647 3989 .j.
1690 3915 1903 3989 regalis
1957 3941 2031 3950 -
2167 3940 2246 3949 -
2354 3910 2498 3968 auri.

1596 4000 1667 4075 .ij.
1708 4000 1846 4076 agni
1974 4029 2030 4036 m
2176 4024 2245 4033 -

436 4223 606 4264 toreca.
803 4206 952 4263 Item
998 4225 1150 4263 anno
1195 4223 1312 4280 quo
1355 4222 1534 4277 supra
1576 4203 1896 4279 penultima
1940 4203 2034 4259 die
2087 4199 2308 4258 Mensis
2375 4197 2648 4273 Augusti.
2712 4194 2933 4270 Recepi
2978 4212 3015 4251 a

637 4311 752 4367 dfio
794 4308 1068 4384 Haquino
1113 4307 1407 4382 Episcopo
1453 4304 1734 4381 Bergensi
1783 4315 1839 4363 et
1897 4304 2025 4362 dfiis
2081 4304 2351 4361 Johanne
2412 4299 2555 4358 Albi
2620 4317 2690 4355 ac
2759 4296 3016 4356 Saluone

634 4411 838 4470 Ywari
885 4410 1177 4468 canonicis
1219 4406 1461 4467 ecclesie
1507 4407 1815 4483 Bergensis
1858 4407 1929 4464 de
1976 4404 2144 4463 dictis
2188 4402 2467 4460 fructibus
2510 4396 2681 4476 primi
2737 4399 2872 4455 anni
2915 4398 3015 4454 be-

635 4512 968 4571 neficiorum
1015 4511 1356 4569 vacancium
1403 4531 1505 4587 per
1548 4509 1855 4567 Biennium
1903 4508 1961 4564 in
2003 4505 2238 4564 ciuitate
2284 4512 2342 4560 et
2372 4501 2587 4559 diocesi
2623 4498 3016 4581 Bergensibus

644 4643 714 4654 —
764 4611 1044 4686 .cccxlvij.
1085 4632 1260 4670 marc.
1306 4632 1437 4670 cum
1482 4630 1537 4668 v.
1581 4611 1696 4669 oris
1741 4619 1800 4667 et
1841 4607 2075 4666 dimidio
2119 4606 2223 4666 sol.
2273 4612 2501 4662 monete
2544 4600 2858 4660 Noricane.

1277 4713 1524 4791 Recepit
1554 4711 2009 4787 jnstrumentum
2045 4709 2088 4767 J
2091 4708 2366 4766 ohannes.
