3534 5361
1780 362 1856 418 45

579 748 947 826 Secuntur
1009 749 1282 826 cambia
1348 776 1485 854 per
1556 778 1690 830 nos
1763 752 1983 854 facta.
2062 754 2153 831 de
2231 736 2541 834 monetis
2614 759 3147 861 predlsstlssol.22.1»

1018 882 1259 961 Primo
1325 885 1415 961 de
1478 913 1702 990 parua
1769 899 2058 966 moneta
2123 889 2513 969 Noricane.

745 1101 945 1158 Primo
992 1130 1072 1139 —
1117 1103 1188 1159 de
1235 1102 1315 1178 .ij0.
1357 1103 1482 1160 lxx.
1529 1106 1740 1162 marcis
1786 1104 1837 1162 .i.
1893 1105 2068 1163 vncia
2122 1127 2304 1183 parue
2371 1120 2599 1168 monete
2664 1109 2959 1168 Noricane

580 1203 818 1260 emimus
869 1238 940 1245 —
984 1203 1079 1260 .xl.
1125 1204 1300 1263 libras
1346 1225 1419 1263 .x.
1468 1207 1570 1265 sol.
1614 1229 1671 1266 v.
1718 1211 1847 1267 den.
1892 1207 2298 1284 sterlingorum
2345 1240 2423 1248 --
2471 1210 2726 1287 Singulis
2752 1210 2959 1268 marcis

579 1304 729 1362 dicte
775 1324 956 1380 parue
1001 1306 1244 1380 pecunie
1290 1326 1395 1382 pro
1443 1308 1537 1383 .iij.
1580 1310 1685 1368 sol.
1734 1311 2139 1387 sterlingorum
2185 1313 2550 1387 computatis.

745 1406 895 1463 Item
942 1407 1013 1463 de
1075 1436 1123 1443 -
1185 1408 1401 1483 ‚lxxxij
1428 1430 1809 1487 marc.parue
1855 1422 2081 1470 monete
2114 1413 2427 1471 Noricane.
2477 1413 2717 1470 emimus
2761 1443 2812 1449 —
2848 1411 2960 1486 .iiij.

577 1508 701 1565 libr.
747 1508 802 1583 ij.
851 1508 954 1566 sol.
1001 1508 1220 1566 Turon.
1260 1529 1593 1585 grossorum
1633 1513 1876 1588 argenti,
1922 1514 2269 1589 computatis
2314 1514 2555 1589 singulis
2600 1514 2809 1571 marcis
2856 1533 2959 1589 pro

581 1609 695 1684 .xij.
740 1611 867 1667 den.
913 1607 1343 1668 Turonensium
1388 1613 1625 1688 argenti.

744 1711 892 1769 Item
940 1713 1011 1769 de
1058 1741 1132 1748 —
1181 1713 1392 1770 .cxxix.
1439 1733 1617 1772 marc.
1665 1715 1741 1790 iij.
1787 1735 1916 1773 vnc.
1963 1714 2114 1773 dicte
2159 1735 2341 1791 parue
2381 1716 2627 1791 pecunie
2662 1716 2962 1774 Noricane

578 1813 818 1870 emimus
871 1841 935 1849 —
989 1833 1134 1870 .cxv.
1177 1815 1302 1872 flor.
1348 1815 1473 1870 auri
1522 1815 1767 1890 singulis
1804 1816 2035 1875 florenis
2080 1835 2186 1892 pro
2228 1817 2280 1874 .i.
2325 1836 2540 1875 marca.
2595 1825 2652 1873 et
2695 1816 2745 1873 .i.
2791 1816 2964 1874 vncia

576 1914 729 1971 dicte
774 1914 1016 1989 pecunie
1061 1916 1424 1991 computatis.

743 2015 892 2072 Item
940 2016 1011 2072 de
1057 2044 1132 2053 —
1182 2015 1334 2090 .xvij.
1379 2035 1557 2074 marc.
1604 2027 1660 2075 et
1703 2018 2066 2076 media-vnc.
2109 2037 2290 2095 parue
2356 2019 2602 2094 pecunie
2664 2019 2963 2077 Noricane

577 2117 819 2174 emimus
869 2145 934 2154 -
990 2116 1109 2191 xiij.
1158 2118 1286 2175 den.
1333 2118 1411 2174 ad
1457 2137 1692 2194 agnum,
1738 2119 1978 2194 singulis
2024 2120 2189 2194 agnis
2233 2139 2341 2195 pro
2384 2120 2435 2177 .i.
2479 2139 2677 2178 marca
2722 2119 2795 2194 .ij.
2832 2140 2965 2179 vnc.

578 2237 710 2276 cum
755 2218 990 2275 dimidia
1034 2218 1185 2276 dicte
1229 2239 1411 2295 parue
1457 2220 1701 2295 pecunie
1747 2220 2113 2296 computatis.

746 2319 893 2377 Item
941 2320 1011 2377 de
1063 2347 1128 2357 —
1183 2320 1254 2397 .ij.
1302 2340 1487 2379 marc»
1520 2322 1594 2378 vi.
1638 2341 1772 2379 vnc.
1830 2330 1886 2378 et
1944 2321 2015 2396 .ij.
2081 2322 2273 2380 terciis
2337 2321 2507 2379 vnius
2572 2321 2740 2379 vncie
2810 2322 2963 2378 dicte

576 2439 758 2494 parue
802 2421 1046 2496 pecunie
1091 2421 1334 2480 emimus
1384 2451 1451 2459 —
1504 2422 1574 2497 .ij.
1621 2424 1750 2479 den.
1795 2424 2022 2498 regales
2067 2422 2211 2493 auri,
2255 2423 2407 2498 regis
2444 2423 2705 2480 Francie.

745 2521 894 2578 Item
940 2523 1010 2578 de
1063 2550 1128 2559 —
1182 2522 1274 2597 .iij.
1321 2524 1529 2582 marcis
1572 2523 1686 2599 .vij.
1722 2524 1906 2599 vncijs
1953 2543 2083 2580 cum
2131 2523 2371 2580 dimidia
2416 2523 2570 2582 dicte
2615 2544 2795 2599 parue
2860 2543 2961 2599 pe-

580 2622 747 2680 cunie
792 2623 1033 2680 emimus
1085 2649 1150 2659 —
1205 2623 1277 2699 .ij.
1321 2625 1588 2685 denarios
1634 2626 1757 2684 auri
1806 2626 1879 2683 ad
1924 2644 2193 2683 massam.

746 2727 890 2783 Item
937 2726 1008 2782 de
1052 2751 1136 2762 —
1181 2725 1371 2801 .cxxij.
1421 2729 1628 2786 marcis
1673 2737 1731 2785 et
1778 2726 2059 2801 .v.vncijs
2084 2747 2215 2784 cum
2244 2726 2481 2785 dimidia
2516 2747 2696 2804 parue
2730 2736 2959 2784 monete
2982 2748 3149 2790 rotae..

580 2827 874 2885 Noricane
918 2827 1159 2884 emimus
1203 2857 1285 2865 ——
1331 2847 1489 2885 .xxx.
1536 2848 1763 2887 marcas
1810 2848 1880 2886 .v.
1926 2827 2125 2886 vncias
2172 2837 2228 2885 et
2272 2847 2482 2885 nouem
2549 2828 2816 2886 denarios
2872 2849 2964 2885 ar·

580 2928 735 3003 genti
780 2929 855 2985 ad
896 2929 1125 3003 pondus
1168 2928 1547 2986 Noricanum.

758 3057 820 3065 -.
887 3057 946 3066 -
1001 3057 1083 3065 .-,
1143 3058 1195 3066 ,,
1261 3058 1332 3068 ,-
1387 3025 1497 3067 —1

752 3130 1106 3206 Computata
1150 3149 1351 3187 marca
1395 3131 1654 3207 qualibet
1694 3130 1915 3207 argentj
1952 3132 2025 3188 ad
2061 3131 2289 3207 pondus
2323 3132 2384 3188 N
2386 3131 2684 3189 oricanum
2718 3150 2824 3206 pro
2849 3130 2962 3205 .iiij.

581 3232 790 3288 marcis
833 3251 1016 3307 parue
1061 3230 1309 3306 pecunie
1352 3232 1665 3290 Noricane.
1901 3235 1904 3238 ’

751 3334 828 3389 Et
872 3333 1031 3390 valet
1074 3352 1273 3390 marca
1315 3333 1614 3407 Noricana
1659 3333 1770 3409 .vij.
1813 3333 2013 3391 vncias
2059 3343 2115 3391 et
2151 3331 2286 3407 .viij.
2327 3332 2592 3390 denarios
2627 3332 2701 3388 ad
2738 3333 2966 3408 pondus

582 3435 1005 3492 Aninionense.

752 3672 991 3731 Summa
1037 3670 1245 3727 cambii
1289 3670 1533 3745 predicti
1578 3670 1714 3728 facti
1758 3672 1830 3728 de
1876 3671 2128 3747 pecunia
2169 3670 2469 3731 Noricana
2513 3681 2616 3728 est.

1200 3804 1207 3820 κ
1243 3791 1308 3830 .c.
1352 3791 1448 3829 XV.
1491 3771 1693 3829 floreni
1739 3771 1881 3847 aurj.

1241 3873 1376 3930 .xiii.
1421 3875 1548 3930 den.
1594 3874 1668 3930 ad
1714 3891 1930 3948 agnum
1976 3873 2119 3948 aurj.

1245 3976 1318 4033 .ii.
1362 3976 1588 4050 regales
1635 3974 1756 4049 aurj
1805 3975 2073 4033 Francie.

1242 4076 1314 4151 .ij.
1357 4079 1550 4134 denar.
1597 4077 1672 4133 ad
1716 4076 1990 4134 massiam
2036 4077 2108 4134 de
2153 4096 2313 4133 aui-0.

1221 4179 1356 4236 aiiii.
1403 4178 1546 4236 libre
1591 4177 1664 4253 .ij.
1711 4178 1817 4236 sol.
1866 4178 2010 4235 Tur.
2055 4196 2236 4253 gross.
2282 4175 2519 4250 argentj.

1180 4309 1186 4315 ·
1247 4281 1341 4336 .xl.
1383 4280 1529 4337 libre
1576 4299 1651 4335 .x.
1697 4279 1802 4337 sol.
1846 4298 1901 4336 v.
1944 4280 2070 4336 den.
2115 4277 2521 4351 sterlingorum
2566 4276 2806 4351 argenti.

1246 4401 1403 4439 .xxx.
1451 4400 1644 4438 marce
1693 4400 1766 4438 .v.
1812 4380 1980 4438 vncie
2024 4380 2119 4439 .ix.
2167 4381 2293 4437 den.
2338 4378 2578 4453 argenti.
2620 4377 2695 4434 ad
2739 4378 2966 4453 pondus

1325 4484 1386 4540 N
1389 4483 1704 4540 oricanum.

586 4141 716 4234 [ast]
880 4144 1167 4201 cambium
1204 4154 1219 4194 -1

657 4713 674 4742 ¹
711 4717 817 4766 Her
851 4731 906 4765 er
934 4730 997 4764 en
1031 4714 1179 4778 Linje
1213 4716 1547 4765 berti-aderet.
