3534 5361
1802 346 1879 404 36

442 542 507 581 τοι.
531 539 589 579 ιτ.
607 552 643 579 ι.
1630 528 2035 599 ArosiensiS.

812 667 1058 723 Decima
1104 667 1477 742 episcopatus
1520 667 1852 724 Arosiensis
1896 667 1952 723 in
2000 686 2178 741 regno
2222 665 2446 724 Swecie
2492 668 2747 724 assendit
2815 668 2885 723 de
2938 666 3029 741 ,vj.

643 767 809 824 annis
854 769 928 824 ad
974 787 1066 824 .m.
1113 788 1162 827 c.
1209 778 1265 825 et
1311 768 1463 841 .xvij.
1509 787 1734 825 marcas
1778 787 1908 825 cum
1957 768 2194 824 dimidia
2238 777 2587 823 numeratas.
2633 788 2814 843 parue
2851 788 3027 844 pecu-

643 868 749 924 nie.
797 887 910 942 que
948 868 1198 943 pecunia
1242 869 1463 925 decime
1507 868 1576 925 de
1622 888 1725 926 sex
1771 868 1934 925 annis
1981 869 2227 926 collecta
2272 880 2329 925 et
2372 879 2602 943 reperta
2638 869 2744 926 fuit
2765 869 2822 926 in
2846 870 3028 927 sacri-

643 969 753 1026 stia
798 969 1042 1026 ecclesie
1076 970 1424 1027 ArosiensiS.
1461 981 1517 1027 et
1562 990 1664 1045 per
1709 990 1799 1027 me
1843 968 2074 1026 fratrem
2100 969 2419 1028 Iohannem
2457 971 2526 1026 de
2550 969 2769 1031 Sei-one
2793 981 3030 1046 recepta

643 1070 748 1127 fuit
792 1071 847 1126 in
895 1072 1126 1127 modum
1175 1072 1272 1146 qui
1319 1071 1597 1146 sequitur.

810 1173 987 1229 Anno
1033 1172 1127 1247 dfij
1176 1172 1477 1230 millesimo
1524 1182 1668 1230 .ccc‘3
1712 1171 1899 1246 xxvij‘!
1944 1183 2001 1229 et
2048 1172 2236 1247 xxiij!
2282 1173 2372 1229 die
2435 1174 2642 1231 mensis
2687 1173 3030 1230 Decembris

645 1293 752 1349 ego
797 1272 971 1330 frater
1017 1273 1304 1331 Iohannes
1350 1276 1420 1331 de
1465 1275 1682 1333 Serone
1728 1274 1919 1348 recepi
1967 1276 2036 1330 de
2100 1275 2352 1351 pecunia
2420 1273 2640 1331 decime
2704 1274 3031 1331 sexennalis

645 1376 1019 1451 episcopatus
1053 1375 1399 1433 Arosiensis.
1459 1397 1494 1431 a
1552 1375 1784 1432 domino
1849 1375 2122 1450 Philippo
2191 1375 2499 1450 preposito,
2591 1374 2907 1433 Thiderico
2975 1387 3033 1432 et

645 1476 860 1536 Carolo
906 1477 1201 1534 canonicis
1246 1477 1488 1535 ecclesie
1531 1477 1878 1535 Arosiensis.
1923 1496 1992 1532 m.
2041 1497 2088 1533 c.
2133 1477 2271 1551 xvij.
2317 1497 2541 1534 marcas
2598 1496 2729 1534 cum
2797 1477 3033 1534 dimidia

645 1597 827 1653 parue
871 1577 1132 1652 pecunie.
1178 1578 1248 1634 de
1287 1578 1496 1653 quibus
1562 1587 1726 1636 erant
1781 1578 1836 1634 in
1904 1597 2088 1653 parua
2158 1579 2407 1652 pecunia
2476 1597 2567 1634 .m.
2631 1577 2733 1634 xli.
2800 1580 3031 1635 marche

646 1699 829 1755 parue
875 1690 1120 1735 monete.
1167 1689 1223 1735 et
1269 1679 1421 1735 .xvii.
1468 1682 1698 1738 marche
1745 1682 1985 1755 argentj.
2031 1680 2106 1736 ad
2151 1679 2378 1754 pondus
2425 1679 2494 1735 dc
2541 1678 2866 1737 Stocolmis.
2918 1699 3032 1754 que

646 1781 876 1837 fuerunt
921 1778 1205 1836 calculate
1251 1791 1308 1836 et
1376 1790 1707 1854 computate
1776 1782 1832 1838 in
1899 1781 2062 1837 totali
2108 1799 2333 1838 summa
2395 1799 2499 1854 pro
2545 1778 2740 1852 ‚lxxvj.
2786 1780 3033 1837 marchis

649 1893 703 1939 et
747 1882 862 1956 .iiij.
908 1881 1021 1938 oris
1062 1899 1243 1955 parue
1288 1882 1549 1955 pecunie.
1598 1881 1858 1957 qualibet
1903 1902 2101 1940 marca
2145 1879 2367 1955 argentj
2429 1899 2533 1956 pro
2597 1880 2713 1954 .iiij.
2780 1881 3032 1939 marchis

649 2003 778 2041 cum
822 1983 1057 2039 dimidia
1098 1981 1248 2038 dicte
1296 2001 1476 2056 parue
1521 1983 1767 2056 pecunie
1814 1977 2246 2059 [computate]¹.

816 2085 912 2141 De
957 2084 1166 2159 quibus
1212 2084 1318 2139 dfis
1362 2102 1467 2139 rex
1506 2084 1841 2158 Norwegie.
1890 2082 2091 2140 habuit
2136 2082 2500 2138 medietatem
2550 2082 2622 2138 de
2668 2083 2933 2141 omnibus
2980 2093 3036 2139 et

648 2185 888 2261 singulis
931 2184 1296 2260 supradictis.

816 2287 1125 2361 Reliquam
1173 2305 1312 2342 vero
1358 2285 1723 2342 medietatem
1770 2284 1978 2342 retinui
2021 2306 2126 2361 pro
2158 2305 2388 2342 camera
2424 2284 2521 2358 dfij
2558 2306 2722 2362 pape.
2763 2285 3037 2342 videlicet

652 2388 786 2462 .viij.
835 2407 1060 2445 marcas
1106 2406 1238 2443 cum
1285 2387 1519 2443 dimidia
1565 2385 1785 2462 argentj
1832 2405 1938 2461 pro
1981 2384 2242 2459 xxxviij.
2291 2387 2538 2444 marchis
2596 2407 2725 2444 cum
2788 2385 2859 2461 .ij.
2919 2386 3034 2443 oris

651 2489 1016 2545 denariorum
1064 2487 1423 2546 Sweuorurn.
1470 2489 1542 2544 ad
1587 2488 1815 2564 pondus
1861 2488 1931 2544 de
1977 2486 2303 2545 StocolmiS.

819 2589 969 2646 Item
1013 2596 1094 2646 .νῖ
1136 2609 1235 2646 xx.
1279 2609 1453 2646 marc.
1501 2609 1631 2646 cum
1678 2589 1914 2646 dimidia
1961 2608 2139 2665 parue
2185 2587 2445 2663 pecunie.

2024 2791 2157 2865 xiij.
2182 2811 2358 2848 marc.
2384 2810 2514 2847 cum
2552 2791 2787 2847 dimidia
2813 2790 3035 2866 argenti

1986 2828 2003 2930 i
2050 2910 2052 2912 ·
2087 2877 2161 2932 ad
2202 2876 2430 2951 pondus
2466 2877 2537 2933 de
2577 2875 2907 2935 Stocolmis.

655 2954 801 3035 [ap]
851 2960 1091 3020 Summa
1115 2962 1409 3037 paginede
1436 2963 1579 3019 Rec.
1603 2981 1709 3037 pro
1737 2981 1969 3020 camera
2023 2968 2106 3019 ‚v‘i
2172 2980 2271 3017 xx.
2351 2979 2526 3017 marc.
2596 2980 2728 3017 cum
2803 2960 3039 3017 dimidia

2085 3064 2268 3120 parue
2311 3054 2557 3102 monete.

993 3315 1231 3374 Summa
1276 3314 1642 3373 Summarum
1687 3317 2045 3390 recepcionis
2091 3316 2313 3373 decime
2357 3316 2414 3371 in
2461 3332 2639 3389 regno
2664 3314 2907 3373 Swecie.
2936 3334 3039 3389 per

824 3437 926 3475 nos
969 3417 1200 3474 fratrem
1246 3415 1567 3473 Iohannem
1613 3418 1685 3474 de
1731 3416 1951 3476 Serone
1998 3427 2055 3473 et
2097 3417 2461 3474 Bernardum
2510 3417 2582 3471 de
2627 3414 2866 3474 Ortolis.
2912 3424 2998 3472 est

1114 3584 1213 3659 .vj⁰.
1257 3585 1371 3659 xvj.
1420 3605 1595 3642 marc.
1641 3585 1716 3659 iij.
1761 3605 1892 3643 vnc.
1942 3606 2072 3644 cum
2120 3586 2356 3643 dimidia
2401 3584 2625 3662 argenti
2678 3583 2752 3640 ad
2813 3583 3039 3657 pondus

1200 3687 1271 3743 de
1317 3687 1645 3747 StocolmiS.

1118 3808 1184 3844 .c.
1230 3787 1309 3843 lx.
1359 3808 1534 3846 marc.
1579 3787 1632 3863 ij.
1690 3807 1819 3845 vnc.
1888 3808 2017 3846 cum
2085 3789 2322 3845 dimidia
2382 3787 2606 3861 argenti
2674 3786 2748 3842 ad
2812 3786 3040 3861 pondus

1201 3890 1272 3946 de
1319 3888 1645 3949 Stocolmis.

1120 3989 1208 4065 .vj.
1251 3993 1374 4049 flor.
1420 3990 1564 4066 aurj.

657 4090 792 4169 [ap]
821 4095 1060 4153 Summa
1116 4092 1166 4148 .i.
1194 4112 1366 4150 marc.
1392 4112 1521 4150 cum
1549 4093 1779 4149 dimidia
1819 4111 1946 4149 vnc.
1986 4104 2041 4148 et
2087 4091 2433 4149 duodecima
2478 4111 2612 4168 pars
2659 4091 2827 4148 Vnius
2873 4089 3039 4147 vncie

1202 4195 1326 4251 auri
1373 4196 1445 4251 ad
1491 4196 1719 4269 pondus
1765 4195 1836 4250 de
1882 4194 2209 4253 Stocolmis.

1117 4397 1245 4471 .xvj.
1293 4398 1394 4454 sol.
1443 4398 1637 4454 denar.
1683 4415 2017 4471 grossorum
2064 4396 2133 4451 dc
2185 4395 2433 4452 Boemia
2476 4392 2719 4468 argentj.

1116 4517 1312 4555 .xxxv.
1360 4499 1486 4556 libr.
1533 4499 1652 4554 xix.
1694 4498 1798 4556 sol.
1838 4517 1889 4553 v.
1936 4498 2064 4553 den.
2107 4496 2360 4570 sterling.
2406 4493 2647 4569 argentj.

1117 4598 1229 4673 .iijr
1269 4599 1396 4673 cvij.
1441 4619 1613 4658 marc.
1659 4598 1753 4674 vij.
1798 4618 1929 4656 vnc.
1973 4596 2049 4671 iij.
2095 4598 2221 4653 den.
2272 4579 2452 4671 parue
2496 4595 2741 4671 pecunie
2798 4593 3040 4653 Swecie.

731 4712 745 4741 ¹
781 4716 940 4765 Dette
977 4714 1087 4765 Ord
1122 4714 1245 4777 mgl.
1281 4715 1295 4761 i
1336 4713 1649 4775 Originalen.
