3534 5361
1619 334 1656 401 3

445 528 924 603 superintendens
991 527 1066 583 ad
1131 527 1385 584 decimas
1452 528 1827 604 colligendas,
1869 527 1969 603 qui
2026 527 2259 602 collegit
2298 528 2378 586 ibi
2423 529 2680 588 decimas
2722 550 2827 605 per

446 648 550 687 sex
593 647 793 686 annos,
2004 698 2011 705 ς

615 730 760 786 Item
804 729 863 785 in
909 727 1175 784 omnibus
1218 729 1480 802 partibus
1525 729 1905 801 Coloniensis,
1949 729 2297 802 Bremensis,
2358 739 2415 788 et
2468 731 2825 805 Magdebur·

446 830 638 906 gensis
682 829 1113 906 prouinciarum
1159 848 1229 886 ac
1273 829 1331 884 in
1378 829 1594 888 diocesi
1640 829 1969 888 Caminensi
2014 830 2172 906 Mag.
2218 833 2524 907 Raynerus
2567 832 2827 907 preposi-

446 941 540 988 tus
585 929 861 1004 Clauasij,
907 929 999 987 cui
1059 939 1145 986 est
1198 932 1547 1005 subrogatus
1607 931 1766 1006 prior
1819 931 2005 989 sancti
2058 932 2297 988 Andree
2357 931 2429 988 de
2484 932 2831 990 Vrbevcteri

449 1041 506 1089 et
550 1031 739 1088 adhuc
785 1039 872 1087 est
913 1029 1008 1087 ibi.

615 1133 765 1189 Item
829 1132 888 1188 in
945 1130 1262 1206 prouincijs
1304 1130 1671 1207 Maguntina,
1718 1131 2086 1203 Treuerensi,
2132 1141 2189 1189 et
2231 1132 2670 1209 Salseburgensi
2725 1133 2831 1191 fuit

447 1234 925 1309 superintendens
986 1252 1088 1290 seu
1153 1232 1431 1290 collector
1472 1233 1632 1307 Mag.
1677 1233 1945 1307 Rogerns
2003 1235 2073 1290 de
2132 1233 2465 1291 Morlomo‘fi
2517 1235 2831 1293 canonicus

447 1335 852 1404 VirdunensiS‚
899 1353 1015 1408 quo
1074 1334 1407 1402 decedente,
1452 1332 1508 1388 in
1556 1332 1996 1408 Salseburgensi
2052 1334 2373 1409 prouincia,
2427 1335 2710 1410 Pragensi
2775 1345 2833 1393 et

450 1436 844 1506 olomucensi,
889 1434 1198 1499 Eistetensi
1268 1443 1324 1490 et
1362 1434 1797 1508 Bambe'rgensi,
1850 1434 2181 1493 ciuitatibus
2228 1445 2283 1492 et
2328 1436 2652 1494 diocesibus
2698 1455 2831 1511 pro·

449 1537 638 1595 uincie
681 1535 1026 1612 Maguntine
1082 1536 1187 1592 fuit
1234 1536 1578 1593 substitutus
1634 1535 1912 1593 collector
1954 1535 2112 1610 Mag.
2158 1537 2380 1594 Aleron
2428 1538 2498 1593 de
2540 1537 2832 1607 RiccadiS‚

451 1639 763 1696 canonicus
808 1637 993 1695 sancti
1036 1637 1223 1694 Marci
1270 1636 1340 1692 de
1383 1635 1663 1710 Venetijs.

620 1740 763 1795 Item
808 1739 866 1795 in
912 1736 1261 1798 Treuerensi
1307 1747 1363 1794 et
1405 1738 1753 1813 Maguntina
1796 1737 2113 1812 prouincijs
2157 1737 2262 1795 fuit
2303 1738 2647 1796 substitutus
2668 1737 2830 1814 Mag.

453 1840 772 1897 Tedericus
818 1842 975 1914 prior
1019 1839 1203 1898 sancti
1248 1838 1485 1894 Andree
1531 1838 1602 1894 de
1645 1838 1993 1896 Vrbeueteri
2042 1848 2099 1896 et
2143 1839 2333 1896 adhuc
2379 1848 2465 1896 est
2506 1838 2600 1896 ibi.

621 1942 767 1997 Item
809 1941 867 1997 in
915 1940 1149 1998 ciuitate
1196 1948 1252 1995 et
1296 1939 1510 1995 diocesi
1535 1938 1963 2009 Camaracensi,
2007 1940 2065 1995 in
2111 1939 2221 1995 illis
2263 1939 2532 1997 videlicet
2574 1939 2836 2014 partibus

453 2041 708 2099 eiusdem
755 2041 1003 2098 ciuitatis
1050 2049 1106 2097 et
1155 2039 1415 2109 diocesis,
1482 2059 1596 2114 que
1639 2049 1770 2097 sunt
1814 2052 1979 2097 extra
2024 2042 2291 2114 Regnum
2335 2039 2583 2097 Francie
2626 2039 2836 2097 consti-

452 2151 574 2199 tute
639 2152 694 2198 et
760 2142 815 2198 in
881 2151 1004 2198 tota
1069 2151 1223 2197 terra
1271 2140 1493 2197 comitis
1538 2140 1812 2197 Flandrie
1874 2141 2135 2216 deputati
2200 2140 2430 2197 suerunt
2497 2141 2837 2198 collectores

454 2253 712 2318 tempore
758 2242 854 2298 dfii
899 2242 1185 2300 Johannis
1243 2261 1394 2316 pape
1449 2240 1584 2314 xxj.
1643 2242 1910 2298 Abbates
1980 2240 2361 2298 Vacelliensis
2406 2234 2837 2299 *Cistraciensis

454 2344 668 2400 ordinis
714 2354 770 2399 et
793 2342 991 2402 Sancti
1015 2341 1264 2399 Auberti
1289 2341 1726 2400 Cameracensis
1769 2341 2247 2398 monasteriorum
2291 2362 2360 2400 ac
2406 2343 2513 2401 dfis
2539 2342 2839 2400 Johannes

455 2446 525 2502 de
568 2443 823 2517 Bruerijs
868 2444 1003 2500 olim
1051 2452 1252 2500 cantor
1295 2462 1446 2499 nunc
1492 2444 1746 2499 decanus
1790 2441 2226 2500 Cameracensis
2268 2443 2550 2501 Ecclesie.

622 2545 765 2601 Item
812 2544 869 2600 in
913 2542 1250 2613 Viennensi,
1296 2542 1646 2608 Arelatensi,
1693 2543 1980 2617 Aquensi,
2027 2543 2450 2616 Ebredunensi,
2500 2545 2838 2602 Tarantasi-

456 2647 574 2705 ensi
622 2654 678 2704 et
722 2644 1030 2702 Bisuntina
1072 2642 1384 2719 prouincijs
1430 2643 1611 2719 pri0[r
1651 2645 1721 2700 de
1767 2639 2189 2711 Gordani]cis.¹

623 2749 771 2804 Item
817 2747 872 2802 in
919 2745 1182 2802 omnibus
1228 2745 1488 2818 partibus
1547 2745 1813 2803 Sardinie
1882 2756 1939 2801 et
1995 2745 2230 2803 Corsice
2287 2746 2580 2820 quondam
2652 2746 2839 2803 archi·

456 2850 739 2925 presbiter
802 2846 1168 2914 TurritanuS,
1217 2845 1314 2919 qui
1363 2846 1610 2903 decessit
1661 2846 1721 2902 in
1777 2866 1807 2901 e
1834 2888 2009 2902 .....
2041 2841 2063 2878 ¹
2109 2846 2164 2902 in
2211 2847 2369 2917 vrbe,
2417 2847 2509 2903 cui
2553 2846 2661 2904 fuit
2703 2848 2840 2905 sub·

455 2959 692 3025 rogatus
735 2946 1228 3020 Archiepiscopus
1261 2948 1527 3004 Arboree
1574 2955 1628 3002 et·
1672 2946 1862 3003 adhuc
1909 2956 1995 3003 est
2035 2947 2131 3004 ibi.

623 3050 772 3106 Item
815 3048 874 3103 in
919 3048 1184 3103 omnibus
1232 3047 1493 3120 partibus
1540 3048 1907 3117 Lombardie,
1965 3047 2225 3104 Marchie
2285 3046 2596 3117 Triuisine‚
2651 3047 2842 3122 Aqui-

456 3151 628 3208 lensis
673 3159 731 3206 et
753 3148 1073 3208 Gradensis
1096 3147 1593 3222 patriarchatuum
1637 3160 1693 3204 et
1734 3149 1794 3204 in
1833 3148 2192 3222 Archiepatu
2217 3147 2500 3206 Januensi
2545 3148 2841 3223 quondam

456 3253 737 3327 Magister
759 3249 990 3306 Arditio
1016 3249 1270 3306 decanus
1308 3249 1681 3320 Nicosiensis,
1705 3250 1804 3325 qui
1831 3249 2076 3306 decessit
2098 3249 2418 3306 Mediolani
2441 3256 2703 3323 tempore
2740 3268 2841 3305 va·

457 3354 655 3411 cancie
679 3350 945 3408 Ecclesie
969 3370 1074 3424 per
1095 3359 1334 3405 mortem
1363 3350 1460 3405 diii
1483 3350 1525 3407 J
1529 3351 1769 3407 ohannis
1794 3371 1944 3426 pape
1971 3349 2104 3424 xxj.
2129 3360 2185 3406 et
2207 3361 2467 3426 tempore
2491 3350 2588 3405 dni
2614 3350 2842 3407 Nicolai

457 3473 606 3528 pape
632 3452 742 3526 ‚iij.,
789 3451 1133 3509 substitutus
1181 3460 1265 3508 est
1311 3451 1496 3506 cidem
1540 3450 1598 3506 in
1647 3450 1834 3508 officio
1876 3450 2161 3525 Magister
2203 3451 2473 3508 Ventura
2496 3452 2842 3526 Archipres-

458 3556 604 3612 biter
655 3553 928 3613 Clusinus
980 3552 1196 3608 domini
1257 3571 1408 3626 pape
1464 3551 1727 3626 scriptor,
1774 3571 1889 3627 quo
1957 3552 2272 3609 decedente
2338 3551 2442 3607 fuit
2504 3552 2846 3609 substitutus

457 3656 562 3712 sibi
587 3654 863 3729 Magister
892 3654 1225 3710 Benenatus
1271 3653 1341 3709 de
1369 3653 1638 3709 Lauania
1683 3653 1781 3726 qui
1826 3672 2034 3727 parum
2081 3652 2341 3709 exercuit
2374 3652 2626 3709 officium
2658 3662 2844 3709 morte

458 3766 770 3831 preuentus
815 3754 905 3811 cui
952 3754 1059 3811 l'uit
1102 3755 1451 3828 subrogatus
1507 3754 1613 3811 dfis
1671 3752 2061 3811 Christolorus
2114 3754 2274 3828 prior
2334 3754 2405 3809 de
2450 3752 2712 3813 Saltiano
2774 3753 2844 3810 de

460 3857 624 3917 Senis
669 3865 726 3913 et
769 3874 922 3912 nunc
970 3866 1057 3913 est
1099 3855 1200 3911 ibi.

627 3958 774 4014 Item
819 3956 876 4012 in
922 3956 1187 4013 omnibus
1232 3955 1493 4030 partibus
1537 3950 1785 4011 *Tussie
1852 3966 1907 4011 et
1969 3956 2289 4012 Maremme
2351 3954 2458 4011 diis
2515 3955 2842 4028 Alcampus

460 4058 786 4133 prepositus
839 4057 1138 4114 Pratensis
1185 4056 1283 4111 dni
1330 4076 1480 4134 pape
1527 4055 1904 4129 cappellanus
1952 4066 2010 4112 et
2054 4055 2244 4112 adhuc
2291 4066 2377 4113 est
2421 4054 2652 4111 ibidem.

587 4161 733 4217 Item
758 4160 813 4215 in
840 4157 1186 4233 patrimonio
1210 4157 1363 4214 beati
1384 4155 1564 4226 Petri,
1589 4155 1807 4212 ducatu
1834 4155 2453 4231 Spoletan0,Marchia
2470 4155 2849 4212 Anconitana

463 4260 809 4318 Romaniola
849 4269 905 4315 et
949 4258 1148 4315 Massa
1171 4252 1527 4315 *Trabatia2
1563 4256 1858 4332 quondam
1885 4258 1992 4315 diis
2017 4258 2357 4314 Leonardus
2380 4256 2848 4314 Archidiaconus

464 4361 812 4435 Spoletanus
837 4360 934 4433 qui
961 4358 1206 4415 decessit
1248 4359 1304 4415 in
1352 4359 1492 4415 vrbe
1537 4357 1590 4412 in
1640 4358 1827 4432 primo
1873 4378 2025 4415 anno
2069 4359 2439 4433 pontificatus
2483 4357 2726 4433 predicti
2752 4356 2849 4413 dfii

552 4588 568 4617 ¹
606 4594 714 4641 Her
746 4592 980 4653 mangler
1014 4599 1148 4639 atter
1182 4597 1338 4653 nogct
1374 4590 1672 4640 formedelst
1707 4592 1795 4640 det
1829 4607 2021 4640 sammc
2042 4591 2148 4639 Hul
2183 4592 2197 4638 i
2225 4592 2429 4652 Bladet,
2466 4606 2579 4639 som
2613 4605 2715 4653 paa
2749 4589 2850 4638 for·

599 4678 707 4739 rige
744 4676 864 4726 Side
900 4676 1036 4725 Note
1079 4682 1095 4723 l
1142 4690 1196 4723 er
1232 4676 1428 4723 omtalt.
1501 4673 1526 4700 ²
1551 4677 1795 4726 Saaledes
1822 4678 1838 4724 i
1861 4678 2084 4727 Texten.
2157 4676 2350 4725 Skulde
2368 4690 2499 4723 vaere
2519 4667 2849 4733 „Trabaria.“

2475 4754 2548 4817 1*

2860 1761 2925 1798 fol.
2946 1762 2977 1796 1.
2997 1761 3036 1800 b.
