3534 5361
1843 378 1958 441 168

708 579 859 628 quam
894 564 1110 615 aliorum
1146 566 1423 615 dirutiones
1459 573 1511 614 et
1545 564 1673 615 alios
1708 565 1942 616 incursus
1976 562 2189 615 hostiles
2223 565 2531 627 multiplices
2566 567 2819 616 hactenus
2862 565 3081 615 maxime

705 657 825 713 post
857 648 994 698 clare
1026 651 1268 700 memorie
1303 649 1560 715 Hayquini
1596 651 1730 713 regis
1765 650 2016 715 Norweye
2051 652 2136 699 aui
2170 652 2249 699 sui
2284 651 2481 702 obitum
2515 650 2792 700 crudeliter
2827 657 2878 699 et
2908 651 3082 700 imma·

706 735 838 784 niter
870 732 1165 784 afflixerunt
1198 746 1250 784 et
1283 735 1555 784 molestare
1591 735 1843 784 continuis
1879 730 2240 785 uexationibus
2276 751 2379 787 non
2414 735 2684 795 desistunt,
2740 736 2879 799 quod
2930 735 3084 799 ijdem

708 817 1015 868 Christicole
1049 820 1122 868 sic
1158 834 1223 868 ex
1258 819 1515 883 premissis
1551 816 1730 869 afflicti
1764 819 2115 883 multipliciter
2148 828 2200 869 et
2235 821 2542 883 consumpti,
2577 821 2823 872 aduersus
2863 819 3084 869 hostium

706 902 870 951 crucis
904 902 1249 967 predictorum
1283 903 1527 954 seniciam
1562 913 1615 954 et
1648 904 1938 969 superbiam
1977 904 2256 955 seuientem
2290 913 2427 954 stare
2462 919 2569 954 nou
2615 912 2862 969 poterunt
2896 904 3087 955 diutius

706 986 802 1036 nisi
838 987 1103 1052 oportunis
1137 989 1378 1052 subsidijs
1413 988 1704 1050 fulciantur,
1755 989 1991 1053 quodque
2050 989 2188 1052 regis
2246 990 2473 1040 eiusdem
2528 989 2597 1038 ad
2648 990 2751 1039 hoc
2796 1003 3002 1039 necnon
3035 996 3087 1038 et

704 1071 936 1122 infideles
970 1073 1176 1122 eosdem
1211 1073 1278 1123 ad
1323 1072 1483 1123 diuini
1534 1075 1753 1124 nominis
1803 1073 2008 1124 laudem
2061 1081 2114 1124 et
2165 1074 2383 1138 gloriam
2432 1089 2494 1124 ac
2544 1073 2666 1125 fidei
2716 1073 3086 1125 exaltationem

704 1155 955 1206 catholice
989 1156 1441 1221 liberationemque
1471 1156 1751 1209 Christiani
1785 1156 1964 1223 populi
1997 1158 2373 1222 impugnandos
2408 1174 2509 1209 non
2544 1157 2808 1209 sufficiunt
2840 1165 2899 1207 ut
2933 1159 3087 1209 habet

704 1240 887 1304 prefati
922 1241 1057 1304 regis
1091 1243 1351 1307 petitionis
1385 1244 1540 1292 series
1575 1243 1723 1293 nobis
1757 1257 1850 1309 per
1884 1243 2100 1293 dilectos
2133 1243 2267 1294 filios
2301 1243 2501 1293 nobiles
2551 1242 2708 1302 viros,
2741 1242 3085 1294 Bertrandum

704 1325 768 1374 de
802 1324 1023 1376 Sueiolis
1059 1335 1110 1376 et
1142 1327 1502 1390 Raymundum
1536 1328 1599 1376 de
1633 1327 1859 1378 Lemena
1892 1327 2107 1377 nuncios
2153 1336 2207 1377 et
2250 1327 2627 1378 ambaxiatores
2679 1341 2801 1377 suos
2857 1327 3084 1377 exhibite

703 1407 992 1460 facultates.
1060 1409 1171 1461 Nos
1205 1420 1374 1461 autem
1412 1412 1602 1462 eisdem
1635 1412 1743 1475 regi
1779 1420 1832 1461 et
1866 1413 1969 1461 suis
2016 1411 2231 1462 subditis
2286 1410 2609 1463 Christicolis
2661 1427 2816 1477 super
2867 1426 3081 1477 oppres·

704 1493 931 1543 sionibus
966 1494 1344 1547 calamitatibus
1379 1505 1432 1547 et
1465 1496 1683 1559 miserijs
1718 1496 2012 1546 huiusmodi
2044 1505 2259 1562 paterno
2294 1498 2664 1562 compatientes
2699 1494 2887 1546 affectu
2914 1497 3082 1561 eisque
3119 1519 3126 1526 ·

704 1577 936 1628 uolentes
972 1580 1035 1628 de
1069 1579 1162 1630 illo
1198 1581 1337 1643 quod
1370 1583 1643 1632 commodo
1680 1581 2053 1646 presentialiter
2087 1597 2356 1647 possumus
2392 1581 2622 1631 subsidio
2657 1580 2947 1646 prouidere,
2985 1581 3082 1630 dis·

702 1662 915 1712 cretioni
951 1673 1120 1714 uestre
1155 1680 1247 1730 per
1280 1666 1566 1730 apostolica
1600 1667 1792 1731 scripta
1843 1666 2208 1716 committimus
2261 1675 2315 1716 et
2370 1666 2692 1734 mandamus,
2754 1667 2994 1730 quatinus
3040 1665 3082 1715 si

702 1747 764 1796 de
799 1748 1038 1812 predictis
1073 1751 1463 1800 necessitatibus
1498 1750 1645 1800 nobis
1680 1751 1871 1814 ignotis
1906 1753 2089 1801 merito
2125 1751 2274 1801 uobis
2310 1752 2432 1801 dum
2466 1751 2519 1801 in
2552 1750 2654 1801 illis
2705 1751 2939 1815 partibus
2975 1749 3082 1800 fue-

702 1832 812 1881 ritis
858 1835 1145 1884 constiterit
1191 1836 1467 1896 euidenter,
1511 1834 1713 1900 prefato
1746 1835 1858 1899 regi
1890 1835 2215 1885 medietatem
2249 1834 2465 1900 pecunie
2501 1835 2635 1885 dicte
2670 1836 2864 1886 decime
2900 1850 3082 1885 sexen-

703 1918 833 1967 nalis
868 1918 1084 1968 collecte
1120 1919 1171 1969 in
1205 1921 1396 1970 eisdem
1430 1921 1599 1982 regnis
1635 1935 1695 1969 ac
1731 1919 1884 1969 etiam
1921 1920 2207 1984 colligende
2242 1920 2295 1971 in
2329 1919 2611 1970 subsidium
2646 1928 2700 1970 et
2749 1920 3079 1971 necessitates

700 2002 929 2066 predicta
965 2004 1243 2053 secundum
1262 2006 1636 2055 ordinationem
1655 2004 1959 2055 uenerabilis
1977 2004 2149 2055 fratris
2172 2006 2331 2056 nostri
2348 2004 2718 2069 archiepiscopi
2733 2003 3078 2054 Nidrosiensis

701 2095 753 2136 et
788 2088 1003 2137 duorum
1039 2102 1106 2137 ex
1142 2089 1247 2137 suis
1283 2088 1618 2153 suffraganeis
1653 2104 1746 2155 per
1781 2091 1999 2139 eundem
2034 2090 2475 2154 archiepiscopum
2520 2097 2573 2139 et
2623 2104 2718 2139 uos
2776 2104 2931 2152 super
2982 2089 3079 2138 hoc

701 2172 1034 2234 assumendis,
1082 2188 1298 2236 quorum
1355 2189 1625 2224 oneramus
1677 2174 1731 2222 in
1785 2174 1881 2223 hac
1931 2182 2076 2238 parte
2128 2175 2464 2225 conscientias
2523 2172 2850 2239 dispensandi
2899 2180 3078 2223 nostro

699 2257 901 2306 nomine
937 2257 1230 2307 concedatis
1267 2266 1320 2307 et
1370 2259 1523 2308 etiam
1583 2258 1873 2320 assignetis,
1924 2259 2043 2308 inde
2101 2259 2283 2309 confici
2340 2259 2587 2309 facientes
2640 2260 2741 2309 duo
2794 2258 3081 2308 consimilia

699 2341 906 2405 publica
950 2342 1285 2392 instrumenta
1335 2359 1549 2406 quorum
1601 2343 1764 2393 altero
1817 2358 1973 2408 penes
2024 2345 2241 2394 eundem
2292 2343 2734 2407 archiepiscopum
2784 2349 3080 2393 remanente

699 2426 913 2489 reliqum
947 2428 1013 2476 ad
1046 2433 1273 2477 nostram
1310 2442 1565 2477 cameram
1600 2428 1960 2478 transmittatis
1996 2428 2081 2477 uel
2116 2430 2269 2479 etiam
2296 2428 2550 2479 deferatis.
2621 2429 2898 2479 Residuam
2952 2441 3076 2477 uero

700 2510 1025 2560 medietatem
1061 2511 1273 2577 pecunie
1309 2512 1443 2561 dicte
1480 2512 1670 2560 decime
1707 2526 1859 2574 quam
1916 2528 2009 2577 pro
2061 2513 2287 2563 subsidio
2340 2523 2470 2563 terre
2524 2520 2700 2563 sancte
2750 2512 2977 2577 predicte
3027 2521 3079 2562 et

700 2595 828 2644 alias
864 2604 1044 2645 contra
1076 2596 1291 2646 rebelles
1327 2604 1381 2645 et
1412 2596 1644 2646 inimicos
1679 2597 1798 2646 fidei
1835 2597 2122 2647 orthodoxe
2166 2597 2220 2647 in
2271 2597 2387 2660 alijs
2438 2598 2669 2661 partibus
2719 2606 2874 2662 prout
2926 2596 3076 2648 nobis

701 2689 753 2731 et
804 2682 1088 2747 apostolice
1138 2682 1248 2732 sedi
1300 2682 1539 2746 expedire
1591 2679 1847 2731 uidebitur
1896 2683 2289 2746 dispensandam
2339 2683 2628 2747 expressius
2680 2683 2973 2744 retinemus,
3008 2683 3076 2732 ad

700 2767 914 2816 eandem
947 2781 1203 2818 cameram
1236 2767 1435 2817 mittere
1470 2781 1562 2816 seu
1595 2765 1791 2816 deferre
1826 2769 1958 2818 sicut
1991 2769 2171 2818 melius
2207 2775 2259 2817 et
2294 2769 2521 2819 securius
2556 2769 2789 2833 poteritis
2808 2768 3075 2818 studeatis.

699 2852 755 2903 Si
791 2866 915 2901 uero
950 2851 1178 2916 prefatus
1214 2867 1306 2902 rex
1340 2852 1424 2901 uel
1459 2850 1566 2900 eius
1602 2858 1781 2913 gentes
1815 2861 1906 2902 aut
1940 2852 2127 2902 subditi
2163 2854 2311 2903 uobis
2363 2869 2517 2918 super
2560 2854 2854 2904 huiusmodi
2888 2854 3076 2904 medie-

699 2946 804 2987 tate
839 2935 1035 3001 prefate
1070 2937 1264 2986 decime
1298 2951 1388 3001 per
1420 2951 1516 2986 nos
1552 2943 1609 2984 ut
1642 2937 1954 3000 premittitur
1986 2945 2185 2988 retenta
2219 2944 2508 3003 prestarent
2539 2938 2958 3003 impedimentum
2985 2954 3076 2989 seu

699 3021 1022 3073 obstaculum
1055 3022 1435 3087 interponerent
1469 3022 1832 3086 quoquomodo
1869 3022 2006 3086 quod
2059 3021 2210 3082 absit,
2246 3038 2347 3086 qno
2401 3025 2567 3074 minus
2618 3025 2886 3089 pecuniam
2939 3024 3075 3073 dicte

698 3107 986 3158 medietatis
1022 3108 1083 3157 de
1120 3108 1268 3156 dictis
1304 3106 1474 3169 regnis
1509 3106 1780 3157 extrahere
1813 3106 1973 3156 libere
2022 3121 2083 3156 ac
2135 3107 2201 3156 ad
2253 3107 2507 3172 prefatam
2566 3123 2822 3159 cameram
2879 3107 3074 3159 deferre

698 3193 785 3243 uel
817 3193 1018 3243 mittere
1052 3191 1367 3255 integraliter
1400 3190 1618 3240 ualeatis
1664 3206 1756 3241 nos
1804 3204 2172 3255 quamcumque
2223 3192 2622 3254 concessionem,
2659 3193 2991 3245 donationem
3024 3201 3077 3242 et

698 3277 1099 3341 assignationem
1132 3291 1284 3340 quam
1319 3278 1381 3326 de
1416 3277 1691 3326 medietate
1725 3275 1830 3326 alia
1863 3275 2078 3340 pecunie
2114 3276 2246 3326 dicte
2282 3277 2476 3327 decime
2512 3278 2621 3341 regi
2666 3276 2915 3328 fecissetis
2959 3291 3073 3342 pre-

700 3363 836 3412 dicto
872 3377 938 3412 ex
972 3377 1106 3411 nunc
1140 3369 1297 3427 prout
1328 3376 1394 3410 ex
1447 3369 1568 3411 tunc
1621 3361 1858 3410 uolumus
1918 3368 1970 3410 et
2026 3361 2341 3412 decernimus
2395 3378 2506 3413 esse
2561 3364 2747 3425 nulla8‚
2783 3364 3074 3425 dictumque

698 3463 873 3511 regem
907 3448 973 3496 ad
1006 3448 1379 3497 restitutionem
1412 3445 1549 3495 illius
1586 3447 1724 3509 qnod
1757 3446 1876 3494 inde
1911 3447 2189 3511 recepisset
2223 3448 2383 3497 teneri
2418 3455 2471 3498 et
2513 3463 2774 3499 remanere
2826 3447 2971 3497 nobis
3024 3455 3077 3497 et

697 3532 892 3598 prefate
925 3533 1157 3582 Romane
1193 3531 1401 3580 ecclesie
1439 3532 1736 3594 obligatum.
1806 3531 2004 3581 Datum
2040 3532 2297 3582 Auinione
2331 3531 2445 3582 idns
2474 3531 2701 3597 Augusti
2737 3542 2876 3598 pont.
2913 3532 3076 3581 nostri

697 3632 833 3667 anno
869 3611 948 3666 κο.

832 3700 1031 3753 Eisdem
1063 3700 1260 3766 nuncq‘js.
1329 3702 1412 3751 Dc
1449 3709 1618 3751 uestre
1654 3701 2122 3764 circumspectionis
2161 3697 2269 3761 [etc.
2306 3710 2356 3751 ut
2392 3701 2441 3751 in
2479 3701 2706 3768 proxima
2740 3700 2912 3768 usque]
2952 3719 3074 3754 con-

699 3787 887 3838 stiterit
921 3788 1182 3837 euidenter
1215 3785 1417 3850 prefato
1453 3785 1560 3848 regi
1598 3786 1810 3835 terciam
1844 3793 2041 3849 partem
2076 3788 2289 3850 pecunie
2344 3787 2476 3837 dicte
2530 3790 2723 3839 decime
2782 3791 3073 3840 sexennalis

699 3873 916 3923 collecte
948 3873 1003 3922 in
1039 3872 1228 3922 eisdem
1262 3872 1432 3934 regnis
1467 3885 1529 3920 ac
1565 3871 1726 3920 eciam
1774 3871 2061 3935 colligenda
2115 3867 2219 3931 [etc.
2271 3888 2418 3936 usque
2471 3869 2752 3934 deferatiSJ.
2821 3875 3073 3924 Residuas

697 3974 822 4008 uero
860 3958 986 4007 duas
1021 3966 1192 4019 partes
1226 3955 1440 4020 pecunie
1475 3956 1699 4019 predicte
1735 3955 1928 4005 decime
1964 3971 2089 4019 quas
2124 3972 2216 4020 pro
2252 3957 2479 4007 subsidio
2505 3965 2636 4008 terre
2654 3967 2827 4009 sancte
2847 3960 3073 4024 predicte

699 4037 810 4102 [etc.
846 4038 1018 4106 usque]
1056 4056 1208 4106 super
1240 4040 1531 4089 huiusmodi
1568 4041 1766 4090 duabus
1802 4042 2032 4106 partibus
2067 4040 2263 4105 prefate
2299 4041 2493 4092 decime
2527 4058 2618 4107 per
2652 4058 2746 4093 nos
2783 4053 2842 4094 ut
2866 4044 3072 4109 premit·

696 4127 820 4176 titur
852 4127 1062 4176 retentis
1097 4131 1383 4190 prestarent
1405 4125 1823 4188 impedimentum
1846 4141 1937 4175 seu
1962 4127 2287 4176 obstaculum
2310 4126 2691 4192 interponerent
2708 4129 3070 4192 quoquomodo

698 4213 834 4275 quod
867 4211 1015 4273 absit,
1052 4226 1153 4276 quo
1188 4210 1354 4259 minus
1388 4209 1657 4274 pecuniam
1692 4211 1909 4261 duarum
1944 4213 2163 4275 partium
2198 4212 2539 4277 predictarum
2584 4214 2645 4263 de
2696 4215 2846 4263 dictis
2898 4215 3070 4278 regnis

697 4297 967 4346 extrahere
1000 4296 1158 4345 libere
1194 4310 1255 4345 ac
1289 4295 1356 4344 ad
1390 4293 1643 4359 prefatam
1678 4309 1932 4345 cameram
1956 4296 2155 4348 mittere
2184 4295 2268 4345 uel
2295 4294 2488 4347 deferre
2511 4299 2830 4361 integraliter
2853 4298 3071 4349 ualeatis

696 4396 790 4431 nos
827 4395 1193 4445 quamcumque
1230 4379 1630 4441 concessionem,
1666 4381 1993 4432 donationem
2046 4388 2097 4430 et
2153 4382 2550 4445 assignationem
2608 4399 2759 4447 qnam
2818 4384 2881 4433 de
2933 4385 3072 4434 dicta

695 4466 854 4516 tercia
886 4474 1031 4530 parte
1066 4467 1278 4530 pecunie
1322 4466 1453 4515 dicte
1505 4466 1699 4515 decime
1749 4465 1859 4529 regi
1910 4465 2157 4517 fecissetis
2192 4467 2422 4530 predicto
2459 4462 2562 4527 [etc.
2598 4484 2747 4532 usque
2775 4466 2852 4518 ‘ad
2871 4466 3067 4531 finem}

692 4551 888 4602 Datum
927 4548 999 4613 [ut
1033 4547 1226 4615 supraJ.

1050 4634 1185 4684 (arch.
1214 4637 1296 4674 Vat.
1325 4637 1416 4684 neg2
1443 4635 1550 4675 Secr.
1576 4635 1658 4674 soh.
1687 4635 1803 4674 ΧΧΙΙ.
1831 4635 1871 4675 Τ.
1900 4637 1944 4676 V.
1973 4645 2034 4676 an.
2065 4635 2114 4675 X.
2143 4636 2209 4678 fol.
2238 4633 2325 4675 373.
2354 4646 2415 4684 ep.
2441 4634 2553 4674 2192.
2582 4630 2713 4680 2193).
