3534 5361
1783 345 1860 401 48

426 537 494 576 101.
509 537 570 575 24.
592 538 628 577 b.
823 527 1061 586 Summa
1121 528 1492 588 Summarum
1560 528 1815 586 omnium
1878 530 2256 605 pecuniarum
2327 544 2694 610 receptarum
2758 544 2876 592 tam
2944 536 3013 592 de

627 629 902 704 Receptis
945 628 1219 703 predictis
1262 647 1438 703 quam
1485 630 1556 687 de
1605 629 1860 704 cambijs.
1905 632 2167 690 deductis
2212 634 2471 709 pecunijs
2516 636 2665 693 datis
2709 655 2815 711 pro
2840 635 3012 695 Cam-

628 729 734 804 bijs
770 728 1200 805 suprascriptis,
1246 740 1331 787 est

799 830 892 905 .iij.
935 831 1101 887 vncie
1145 850 1275 887 cum
1323 831 1559 887 dimidia
1604 833 1730 888 auri
1775 832 1850 888 ad
1894 835 2122 908 pondus
2167 836 2543 894 Noricanum.

803 935 857 1010 .j.
904 955 1080 993 marc.
1124 932 1180 1007 ij.
1222 951 1350 990 vnc.
1396 931 1535 1006 xiiij.
1581 933 1709 989 den.
1758 934 1883 990 auri
1929 935 2004 990 ad
2049 937 2274 1010 pondus
2320 938 2392 995 de
2438 938 2766 998 Stocolmis.

799 1036 892 1112 .iij.
936 1056 1111 1093 marc.
1154 1034 1231 1110 iij.
1275 1053 1404 1092 vno.
1450 1033 1576 1090 auri
1621 1035 1695 1090 ad
1741 1036 1968 1110 pondus
2014 1036 2085 1092 de
2131 1037 2344 1096 Scaris.

800 1138 898 1212 .vj‘i
941 1138 980 1193 l.
1029 1155 1203 1193 marc.
1243 1135 1318 1210 iij.
1367 1154 1497 1191 vnc.
1547 1134 1622 1208 iij.
1669 1136 1798 1192 den.
1847 1139 2068 1212 argenti
2115 1140 2190 1195 ad
2236 1141 2465 1214 pondus
2508 1140 2888 1198 Noricanum.

800 1260 892 1297 .m.
939 1239 1036 1314 xij.
1074 1258 1248 1295 marc.
1284 1236 1378 1310 iiij.
1404 1256 1534 1294 vnc.
1556 1237 1693 1311 xvij.
1721 1239 1918 1296 denar.
1956 1241 2178 1314 argenti
2213 1244 2285 1298 ad
2325 1243 2550 1318 pondus
2589 1242 2661 1298 de
2689 1241 3013 1300 Stocolmis.

798 1342 879 1417 .ijc.
921 1339 1119 1415 lxxvij.
1165 1359 1339 1397 marc.
1383 1337 1457 1412 vj.
1482 1358 1609 1395 vnc.
1645 1359 1775 1397 cum
1812 1340 2003 1397 dimid.
2039 1343 2263 1416 argenti
2298 1344 2371 1399 ad
2417 1344 2644 1418 pondus
2680 1344 2752 1400 de
2804 1344 3013 1402 scaris.

801 1445 959 1501 .xlix.
1006 1462 1179 1499 marc.
1226 1440 1449 1516 argenti
1496 1442 1569 1497 ad
1616 1442 1844 1517 pondus
1891 1443 1961 1498 de
2008 1443 2241 1518 BrugiS.

800 1564 890 1602 .m.
935 1545 1058 1620 viij‘z
1101 1546 1179 1601 xl.
1223 1545 1345 1601 flor.
1385 1544 1528 1618 auri.

799 1647 920 1722 .vij‘i
967 1646 1040 1721 vj.
1086 1648 1212 1704 den.
1258 1645 1436 1721 regal.
1481 1645 1606 1702 auri
1653 1646 1724 1701 de
1772 1645 2042 1703 Francia.

798 1749 890 1805 .lx.
939 1749 1068 1805 den.
1113 1749 1184 1804 ad
1232 1767 1447 1823 agnum
1493 1748 1564 1803 de
1605 1767 1764 1804 aur0.

799 1848 889 1924 .iij.
937 1851 1132 1905 denar.
1178 1849 1253 1905 ad
1299 1849 1631 1905 cathedram
1679 1849 1750 1904 de
1797 1866 1959 1904 auro,

797 1949 868 2025 .ij.
913 1951 1042 2006 den.
1089 1949 1163 2005 ad
1208 1949 1477 2006 maesiam
1525 1950 1595 2005 de
1643 1968 1805 2005 auro,

798 2051 927 2126 .viij.
971 2051 1094 2108 libr.
1140 2070 1236 2108 xv.
1280 2050 1385 2108 sol.
1428 2051 1463 2106 i.
1507 2052 1634 2107 den.
1681 2051 1825 2107 Tur.
1870 2069 2049 2125 gross.
2090 2051 2268 2127 Regis
2313 2051 2579 2109 Francie.

798 2153 929 2228 .xvj.
967 2153 1070 2209 sol.
1112 2153 1254 2210 Tur.
1297 2152 1519 2227 argenti
1565 2152 1745 2227 Regis
1791 2152 2047 2208 Boemie.

799 2254 1005 2328 clxvij.
1049 2254 1178 2311 libr.
1224 2254 1277 2329 ij.
1324 2254 1428 2312 sol.
1474 2255 1550 2311 ix.
1599 2256 1723 2311 den.
1773 2253 2192 2328 Sterlingorum
2236 2256 2482 2331 argenti.

797 2355 928 2430 .iiij‘t·
976 2356 1079 2429 vijc.
1122 2357 1242 2412 lxx.
1281 2377 1454 2413 marc.
1493 2355 1568 2430 iij.
1602 2375 1730 2413 vnc.
1764 2354 1902 2429 xiiij.
1927 2356 2054 2412 den.
2079 2366 2307 2412 monete
2339 2357 2636 2414 Noricane
2671 2356 2744 2411 ad
2771 2357 3015 2431 pondus.

799 2457 970 2523 ‚viiiia
1012 2456 1127 2530 lvij.
1174 2475 1348 2513 marc.
1392 2456 1428 2514 i.
1472 2477 1604 2514 vnc.
1647 2458 1767 2513 xix.
1817 2458 1944 2514 den.
1989 2467 2218 2514 monete
2262 2457 2470 2517 Suecie
2526 2460 2602 2516 ad
2646 2475 2969 2514 numerum.

801 2558 854 2632 .j.
900 2559 1103 2634 ciphus
1148 2559 1220 2615 de
1264 2579 1412 2616 nuce
1457 2558 1851 2616 ultramarina.
1898 2578 2030 2615 cum
2077 2559 2223 2634 pede
2261 2561 2504 2635 argenti.

798 2660 946 2717 Tres
990 2659 1157 2717 vncie
1203 2679 1332 2717 cum
1380 2660 1616 2717 dimidia
1661 2662 1785 2718 auri
1832 2661 1904 2717 ad
1966 2660 2193 2736 pondus
2260 2661 2620 2719 Noricanum
2691 2664 2888 2723 valent
2943 2694 3003 2702 —

631 2760 724 2836 .iij.
769 2761 941 2818 vncia
985 2780 1054 2819 .v.
1101 2764 1228 2821 den.
1273 2763 1400 2819 auri
1439 2763 1513 2818 ad
1558 2763 1785 2838 pondus
1828 2763 2248 2820 Auinionense.

798 2864 936 2920 Vna
974 2866 1209 2921 marcha
1253 2864 1322 2937 .ij.
1369 2864 1535 2921 vncie
1582 2864 1738 2920 .xiiii.
1786 2865 1914 2920 den.
1964 2863 2088 2920 auri
2134 2863 2208 2919 ad
2253 2864 2479 2937 pondus
2546 2866 2617 2921 de
2679 2867 3009 2926 Stocolmis.

631 2965 828 3022 valent
879 2992 946 3000 —
997 2963 1048 3038 .j.
1092 2984 1347 3023 marcam
1391 2966 1444 3022 .i.
1491 2985 1620 3024 vnc.
1666 2967 1743 3022 ix.
1796 2966 1920 3021 den.
1967 2963 2093 3021 auri
2140 2964 2214 3020 ad
2259 2966 2485 3039 pondus
2530 2966 2946 3026 Auinionense.

801 3068 948 3124 Tres
991 3068 1223 3123 marche
1269 3066 1360 3140 .iij.
1404 3066 1572 3124 vncie
1631 3066 1756 3123 auri
1824 3067 1897 3122 ad
1958 3067 2185 3141 pondus
2251 3066 2323 3122 de
2390 3066 2601 3125 Scaris.
2669 3069 2866 3126 valent
2942 3097 3004 3106 —

628 3168 722 3242 .iij.
769 3186 992 3225 marcas
1039 3166 1191 3241 .xiiij.
1238 3169 1433 3224 denar.
1479 3187 1611 3224 cum
1657 3167 1852 3224 dimid.
1897 3168 2022 3224 auri
2069 3168 2144 3223 ad
2190 3168 2417 3243 pondus
2462 3169 2871 3228 Auinionenss.

800 3270 877 3325 Et
921 3268 1004 3325 sic
1050 3280 1136 3325 est
1178 3269 1418 3328 Summa
1462 3268 1597 3325 dicti
1642 3269 1766 3325 auri
1817 3298 1894 3305 —
1940 3268 2054 3341 .iiij.
2105 3288 2295 3325 marce
2334 3289 2403 3325 .v.
2444 3270 2614 3327 vncie
2650 3270 3010 3345 .iiij.denarij

631 3389 763 3428 cum
810 3369 1044 3426 dimidio
1089 3370 1214 3426 auri
1260 3371 1335 3426 ad
1379 3371 1607 3445 pondus
1649 3369 2067 3427 Auinionense.

799 3574 902 3649 .vj0.
945 3574 981 3630 l.
1028 3593 1221 3631 marce
1264 3573 1356 3648 .iij.
1401 3573 1568 3630 vncie
1606 3572 1698 3648 .iij.
1738 3573 1867 3629 den.
1934 3570 2156 3646 argenti
2224 3571 2298 3627 ad
2354 3572 2582 3646 pondus
2652 3573 3013 3630 Noricanum

631 3677 827 3734 valent
875 3703 944 3713 --
995 3683 1081 3733 .v0.
1149 3676 1300 3733 xcvi.
1367 3695 1591 3733 marcas
1656 3676 1708 3732 .i.
1775 3694 1902 3731 vnc.
1967 3672 2085 3747 xiij.
2155 3672 2285 3728 den.
2347 3673 2573 3749 argenti
2647 3674 2722 3731 ad
2786 3676 3013 3751 pondus

631 3776 1046 3834 Auinionense.

801 3897 890 3935 .m.
935 3876 1034 3951 xij.
1080 3878 1311 3935 marche
1356 3878 1471 3953 .iiij.
1518 3898 1646 3935 vnc.
1690 3876 1827 3951 xvij.
1868 3877 1995 3933 den.
2042 3875 2264 3950 argenti
2308 3876 2381 3931 ad
2438 3877 2666 3951 pondus
2726 3878 2796 3934 de
2844 3877 3013 3937 Stoc-

630 3979 813 4037 olmis.
878 3979 1076 4036 valent
1147 4008 1194 4015 -—
1257 3979 1397 4054 .viijc.
1444 3980 1595 4036 xcvi.
1642 3996 1868 4036 marcas
1923 3976 2038 4052 .iiij.
2090 3977 2289 4035 vncias
2357 3978 2577 4053 argenti
2647 3979 2721 4035 ad
2785 3980 3014 4055 pondus

629 4080 1046 4138 Auinionense.

801 4181 880 4257 .ij‘z
923 4180 1123 4256 lxxvij.
1168 4182 1400 4238 marche
1446 4182 1534 4239 .vi.
1579 4181 1744 4239 vncie
1804 4199 1935 4239 cum
1991 4180 2225 4237 dimidia
2280 4179 2502 4256 argenti
2550 4181 2624 4237 ad
2669 4181 2897 4255 pondus
2941 4180 3012 4237 de

633 4283 843 4343 ScariS.
889 4283 1084 4340 valent
1140 4312 1197 4319 —
1253 4283 1334 4359 .ij‘z
1381 4284 1480 4359 liij.
1529 4303 1755 4341 marcas
1805 4282 1856 4339 .i.
1904 4301 2034 4339 vnc.
2076 4302 2132 4338 x.
2179 4282 2305 4338 den.
2353 4282 2575 4357 argenti
2643 4283 2716 4338 ad
2783 4282 3012 4357 pondus

630 4385 1048 4443 Auinionense.
1074 4423 1077 4426 η

799 4488 955 4544 .xlix.
1002 4505 1195 4543 marce
1240 4486 1462 4561 argenti
1505 4487 1578 4543 ad
1622 4487 1852 4562 pondus
1890 4485 1962 4541 de
2000 4485 2228 4561 Brugis.
2256 4486 2454 4542 valent
2478 4513 2548 4520 -—
2581 4485 2837 4561 .xxxviij.
2860 4504 3010 4542 mar-

631 4608 730 4647 cas
776 4589 866 4646 .vi.
909 4587 1109 4645 vncias
1153 4586 1284 4660 .viij.
1330 4588 1457 4645 den.
1503 4588 1728 4663 argenti
1775 4587 1848 4643 ad
1897 4587 2127 4662 pondus
2171 4586 2588 4643 Auinionense.
