3534 5361
1642 376 1763 443 175

501 562 599 627 ipsi
638 562 945 613 collectores
981 565 1245 627 elegerint,
1273 566 1637 618 beneficiorum
1671 568 1899 633 ipsorum
1936 581 2095 617 onera
2129 569 2348 618 debeant
2381 568 2668 633 optinentes
2694 572 2888 638 eadem,

501 648 563 695 de
602 662 664 695 ea
698 655 859 711 parte,
898 664 1049 712 quam
1095 650 1190 698 sibi
1244 651 1364 700 dicti
1418 652 1720 703 collectores
1776 653 2085 712 demiserint‚
2139 651 2369 701 totaliter
2421 661 2739 719 supportare,
2790 654 2887 703 nisi

499 729 632 781 forte
670 732 957 795 optinentes
993 734 1239 783 beneficia
1273 736 1566 786 huiusmodi
1602 738 1794 786 vellent
1830 752 2004 786 omnes
2041 736 2253 796 fructus,
2278 737 2505 786 redditus
2531 745 2582 787 et
2604 745 2888 802 prouentus

500 816 751 865 dimittere
787 818 1150 868 collectoribus
1186 820 1473 880 antediem,
1513 836 1613 884 quo
1649 836 1773 870 casu
1810 822 2112 871 collectores
2164 820 2259 884 ipsi
2311 822 2575 870 habebunt
2629 822 2888 872 beneficiis

498 900 807 963 huiusmodi,
845 906 1016 966 quoad
1068 919 1244 953 curam
1295 905 1595 967 animarum,
1632 908 1674 955 si
1710 907 1783 956 eis
1819 908 2085 965 imineant,
2120 920 2214 955 nec
2251 921 2358 955 non
2393 912 2445 954 et
2480 906 2667 957 diuinis
2704 906 2887 957 officiis

499 994 551 1034 et
585 993 1024 1037 sacramentorum
1072 989 1532 1039 ecclesiasticorum
1585 990 1959 1040 ministratione
2011 989 2179 1039 facere
2235 1006 2325 1053 per
2375 1005 2619 1059 personas
2674 990 2887 1039 idoneas

500 1071 759 1133 deserviri,
795 1079 848 1122 et
883 1079 1054 1123 cetera
1089 1073 1161 1123 eis
1197 1072 1541 1123 incumbentia
1577 1090 1734 1124 onera
1770 1076 2077 1140 supportari.
2150 1074 2232 1123 De
2267 1074 2370 1124 illis
2406 1065 2576 1124 autem
2613 1075 2888 1136 beneficiis,

501 1170 596 1217 que
632 1163 813 1206 taxata
848 1172 954 1206 non
990 1157 1222 1207 existunt
1254 1159 1321 1207 ad
1357 1159 1622 1220 decimam,
1672 1167 1729 1208 ut
1784 1160 2012 1223 sequitur
2064 1159 2389 1208 ordinamus:
2441 1159 2699 1218 videlieet,
2754 1160 2888 1223 quod

498 1238 723 1303 ipsorum
758 1239 1035 1302 fructuum,
1055 1242 1340 1292 reddituum
1363 1251 1414 1292 et
1431 1252 1774 1306 prouentuum
1804 1243 2050 1293 medietas
2077 1244 2144 1292 ad
2168 1258 2263 1292 nos
2289 1250 2340 1293 et
2364 1251 2592 1293 nostram
2619 1258 2889 1305 cameram,

498 1323 601 1373 alia
632 1339 755 1375 vero
789 1326 855 1375 ad
892 1326 1181 1390 optinentes
1218 1329 1396 1377 eadem
1432 1327 1681 1377 beneficia
1716 1328 1903 1377 debeat
1936 1328 2210 1391 pertinere,
2246 1328 2428 1390 modis,
2466 1327 2644 1378 formis
2679 1336 2732 1377 et
2767 1343 2890 1378 con-

431 1420 434 1423 ’
499 1408 793 1472 ditionibus,
829 1410 1010 1474 quibus
1048 1413 1110 1460 de
1146 1410 1262 1474 alijs
1297 1412 1556 1462 beneficiis
1592 1415 1825 1478 superius
1861 1418 1941 1461 est
1976 1425 2293 1476 expressum.
2376 1412 2618 1464 Ceterum
2652 1414 2888 1463 volumus

498 1498 550 1541 et
584 1494 888 1545 auctoritate
921 1495 1234 1559 presentium
1273 1498 1608 1558 declaramus,
1646 1506 1707 1547 ut
1741 1496 2005 1561 deputatio
2041 1504 2222 1546 nostra
2255 1495 2547 1547 huiusmodi
2596 1499 2888 1548 nullatenus

499 1578 809 1628 extendatur
842 1580 909 1628 ad
943 1579 1262 1643 episcopales
1299 1582 1558 1643 ecclesias,
1593 1596 1688 1631 nec
1723 1583 1791 1631 ad
1829 1581 2062 1630 abbatias
2098 1582 2379 1643 regulares,
2420 1596 2518 1644 que
2555 1589 2728 1632 tamen
2766 1597 2889 1632 con—

498 1663 762 1713 uentuales
799 1664 1045 1726 existunt,
1082 1679 1177 1714 nec
1212 1666 1276 1714 ad
1312 1666 1558 1716 beneficia
1610 1667 1717 1727 illa,
1771 1682 1868 1730 que
1926 1681 1993 1715 ex
2046 1666 2433 1730 permutationis
2495 1681 2654 1716 causa
2704 1682 2889 1717 vacare

498 1746 764 1809 contingit,
798 1762 891 1797 nec
926 1750 1083 1798 etiam
1119 1751 1182 1798 ad
1221 1750 1436 1799 vicarias
1481 1766 1571 1800 seu
1616 1750 1949 1815 capellaniaS,
1986 1756 2044 1798 ut
2092 1751 2370 1815 plurimum
2423 1765 2455 1799 a
2508 1752 2891 1813 decedentibuS,
2938 1802 2942 1805 ,

501 1832 777 1882 secundum
811 1848 1009 1883 morem
1047 1834 1364 1884 diuersarum
1402 1835 1734 1885 ecclesiarum
1771 1836 2047 1894 institutaS,
2084 1836 2151 1883 ad
2202 1835 2385 1884 missas
2439 1850 2531 1899 pro
2583 1834 2707 1898 ipsis
2745 1836 2891 1885 dece-

502 1916 736 1967 dentibus
774 1918 1121 1980 celebrandaS,
1159 1921 1309 1969 certis
1346 1922 1635 1970 constitutis
1671 1920 1952 1969 redditibus
1989 1918 2272 1983 presbitero
2308 1917 2432 1967 inibi
2469 1919 2765 1982 celebranti,
2802 1936 2891 1970 seu

500 2000 632 2062 aliis,
667 2010 726 2051 ut
761 2002 954 2053 diurnis
990 2004 1074 2052 uel
1111 2007 1370 2054 nocturnis
1405 2005 1668 2055 canonicis
1704 2004 1846 2053 horis
1882 2004 2147 2065 intersint3
2187 2004 2465 2053 dummodo
2512 2004 2693 2067 viginti
2739 2003 2888 2054 flore-

499 2100 683 2136 norum
717 2088 830 2137 auri
864 2088 1094 2138 ualorem
1129 2105 1353 2139 annuum
1399 2106 1502 2139 non
1550 2090 1819 2149 excedant,
1874 2089 2004 2152 alias
2059 2090 2154 2139 sub
2213 2089 2543 2153 deputatione
2596 2089 2889 2139 huiusmodi

498 2170 849 2233 includantur;
890 2186 985 2221 nec
1022 2174 1173 2221 etiam
1212 2176 1276 2223 ad
1313 2176 1600 2226 cotidianas
1637 2174 2021 2225 distributiones
2058 2187 2489 2237 quarumcumque
2542 2173 2889 2233 ecclesiarum,

500 2269 590 2304 seu
626 2256 978 2307 anniuersaria
1016 2258 1097 2306 uel
1133 2258 1483 2321 obuentioneS,
1521 2275 1618 2323 quc
1653 2261 1719 2310 ad
1757 2268 1951 2308 certum
1998 2258 2118 2322 quid
2165 2258 2405 2321 deputate
2457 2265 2754 2319 noscuntur,
2791 2258 2889 2307 nisi

498 2339 565 2388 ad
598 2340 731 2404 illas,
768 2356 865 2406 que
901 2342 992 2400 eis,
1031 2358 1126 2405 que
1165 2351 1284 2392 sunt
1317 2344 1369 2393 in
1406 2346 1615 2393 ciuitate
1652 2344 1736 2393 uel
1770 2344 1887 2393 loco
1925 2349 2204 2403 presentes,
2234 2347 2622 2403 consveverunt,
2659 2344 2889 2405 quamvis

500 2424 641 2473 horis
676 2439 783 2475 non
818 2426 1054 2475 intersint
1088 2426 1366 2489 canonicis,
1404 2428 1625 2491 elargiri.
1705 2427 1963 2477 Volumus
2000 2436 2187 2488 autem,
2225 2429 2362 2491 quod
2397 2425 2611 2487 sructuS,
2646 2427 2889 2490 reddituS‚

499 2515 553 2558 et
586 2507 870 2573 prouentus
905 2512 1278 2576 prebendarum
1314 2512 1535 2574 illorum,
1573 2512 1674 2576 qui,
1709 2513 1911 2563 soluere
1967 2512 2285 2575 taxationem
2338 2512 2531 2559 decime
2580 2518 2889 2573 recusanteS,

502 2608 556 2643 se
591 2594 727 2644 uelle
763 2596 1064 2645 simularent
1099 2596 1296 2658 abesse,
1321 2603 1379 2645 ut
1413 2595 1683 2661 prebende,
1720 2612 1845 2660 quas
1881 2610 1986 2644 non
2019 2595 2285 2660 recipiunt,
2321 2594 2418 2643 nisi
2456 2595 2557 2643 sint
2592 2595 2646 2643 in
2681 2596 2888 2645 ciuitate

498 2679 584 2729 nel
617 2679 738 2729 loco
774 2690 1052 2744 presentcS,
1091 2683 1220 2731 adeo
1255 2683 1619 2743 diminuantur,
1666 2685 1803 2745 quod
1855 2697 2035 2745 parum
2088 2688 2179 2730 aut
2228 2679 2388 2729 nichil
2442 2680 2626 2729 debeat
2676 2682 2887 2746 percipi,

496 2765 648 2813 iuxta
682 2765 1003 2815 taxationem
1039 2767 1335 2829 predictam,
1372 2767 1700 2817 includantur
1723 2767 1818 2816 sub
1847 2766 2175 2830 deputatione
2197 2765 2442 2829 predicta.
2510 2765 2592 2813 De
2616 2765 2888 2829 prebendis

498 2864 641 2911 uer0,
678 2864 775 2913 que
810 2850 875 2899 ad
913 2857 1108 2899 tantam
1145 2865 1397 2900 summam
1431 2856 1609 2900 taxate
1648 2857 1784 2911 sunt,
1820 2850 1874 2899 in
1910 2850 2125 2910 decima,
2161 2850 2295 2912 quod
2333 2865 2511 2914 parum
2561 2857 2795 2913 superest
2838 2851 2888 2899 iu

499 2933 676 2984 ualore
729 2950 824 3000 pro
880 2937 1111 2994 seruiti0‚
1165 2950 1395 2997 congrua
1452 2935 1623 2998 portio
1689 2934 1992 2994 dimittatur,
2048 2935 2253 2983 residuo
2308 2949 2403 2997 pro
2457 2941 2635 2983 nostra
2685 2948 2890 2984 camera

498 3033 795 3069 remansuro
808 3034 828 3081 3·
862 3025 914 3069 et
947 3019 1081 3068 idem
1118 3021 1272 3069 etiam
1309 3022 1372 3070 de
1392 3020 1506 3069 aliis
1530 3018 1789 3068 beneficiis
1821 3017 2195 3080 ecclesiasticis,
2216 3020 2288 3067 sie
2315 3019 2505 3067 taxatis
2532 3019 2599 3066 ad
2624 3019 2887 3080 decimam,

496 3104 633 3167 quod
666 3119 863 3168 parum,
898 3112 990 3153 aut
1023 3105 1181 3154 nichil
1215 3111 1448 3170 superest
1482 3104 1619 3153 ultra
1654 3103 1999 3163 taxacionem,
2037 3103 2266 3163 eandem,
2291 3109 2465 3151 uestro
2505 3103 2762 3152 diocesani
2798 3118 2890 3168 per

499 3188 800 3238 collectores
835 3190 1067 3238 adhibito
1121 3191 1354 3250 consilio,
1393 3203 1607 3253 quorum
1653 3201 1807 3251 super
1856 3188 1955 3236 hoc
2012 3201 2283 3236 oneramus
2337 3187 2697 3249 conscientias,
2752 3189 2888 3251 quod

497 3271 674 3322 utilius
708 3274 819 3324 fieri
853 3275 1043 3336 poterit
1075 3275 1351 3325 ordinetur.
1421 3274 1494 3323 Et
1527 3273 1737 3336 insuper
1771 3271 2118 3333 intelligimus,
2156 3273 2291 3336 quod
2327 3271 2543 3331 fructuS‚
2575 3272 2801 3321 redditus
2840 3281 2892 3320 et

495 3366 773 3419 prouentus
819 3358 1179 3409 beneficiorum
1226 3357 1682 3423 patrimonialium,
1737 3362 1791 3405 et
1840 3354 2214 3418 prebendarum
2274 3371 2365 3405 seu
2424 3355 2800 3417 beneficiorum,
2836 3357 2888 3404 in

496 3441 677 3504 quibus
712 3441 1125 3493 beneficiatorum
1163 3460 1269 3494 non
1305 3450 1383 3493 est
1433 3451 1602 3492 certus
1660 3455 1917 3501 numeruS,
1966 3454 2026 3488 ae
2080 3430 2454 3505 prebendarum
2509 3440 2889 3502 canonicorum,

501 3526 786 3576 absentium
823 3541 940 3577 cum
975 3529 1243 3591 decedunt,
1281 3544 1376 3578 nec
1422 3543 1525 3578 non
1578 3526 1837 3590 prioratus
1892 3525 2273 3586 conuentualeS,
2328 3540 2545 3588 quorum
2603 3525 2785 3588 prelati
2838 3534 2890 3574 et

501 3617 786 3661 conuentus
819 3612 956 3662 bona
992 3614 1044 3662 in
1082 3612 1339 3664 communi
1374 3613 1563 3662 habere
1586 3619 1887 3671 noscuntur,
1905 3625 1967 3659 ac
1994 3610 2241 3659 beneficia
2261 3611 2451 3660 ordinis
2471 3610 2888 3670 Humiliatorum,

500 3695 830 3745 includantur
865 3698 959 3747 sub
999 3699 1328 3764 deputatione
1362 3698 1608 3761 predicta,
1643 3697 1718 3745 ita
1754 3704 1927 3744 tamen
1963 3695 2099 3757 quod
2134 3692 2252 3743 inde
2292 3695 2546 3757 prioribus
2583 3702 2635 3743 et
2669 3708 2888 3743 conuen-

500 3780 635 3829 tibus
671 3787 724 3830 et
758 3765 888 3842 aliis,
919 3783 1104 3831 similia
1137 3782 1385 3832 beneficia
1420 3780 1783 3846 optinentibus,
1819 3779 2155 3842 prouidentur
2188 3780 2442 3828 decenter.
2511 3778 2698 3828 Nostre
2735 3778 2889 3826 etiam

500 3865 800 3915 intentionis
838 3867 1028 3928 existit,
1067 3869 1218 3930 quod,
1239 3868 1360 3916 licet
1395 3864 1712 3929 episcopales
1749 3864 1979 3925 ecclesie,
2006 3872 2057 3913 et
2091 3863 2296 3912 abbatie
2332 3863 2594 3926 regulares
2630 3877 2662 3911 a
2695 3872 2889 3925 presta-

502 3949 640 3998 tione
677 3951 929 4000 dictorum
966 3949 1223 4001 fructuum
1263 3951 1569 4010 eximantur,
1608 3964 1714 3998 non
1750 3957 1924 3999 tamen
1959 3955 2165 4013 propter
2208 3948 2307 3996 hoc
2355 3947 2629 4010 dignitates
2684 3956 2736 3996 et
2786 3948 2890 3996 alia

499 4034 749 4084 beneficia
786 4036 1034 4086 dictarum
1073 4020 1403 4086 ecclesiarum
1439 4043 1491 4084 ct
1526 4034 1864 4096 abbatiarum,
1901 4047 2215 4097 quecumque
2251 4033 2353 4081 sint
2398 4031 2533 4081 infra
2585 4031 2670 4081 uel
2723 4041 2887 4091 extra,
2935 4065 2944 4074 -

501 4119 823 4183 aliquatenus
860 4121 1214 4184 intelligantur
1249 4128 1504 4184 exempta.
1577 4119 1718 4169 Jtem
1757 4127 1888 4168 terre
1924 4126 1977 4168 et
2011 4126 2309 4182 prouentus,
2346 4132 2406 4166 ac
2440 4117 2593 4177 bona,
2631 4130 2728 4179 que
2764 4117 2889 4165 reci-

498 4204 674 4268 piebat
709 4204 945 4253 distincte
981 4208 1234 4257 decedens
1271 4205 1566 4264 canonicuS,
1602 4219 1694 4268 pro
1730 4204 2003 4268 prebenda,
2040 4218 2101 4252 ac
2151 4203 2398 4254 beneficia
2450 4217 2546 4266 que
2599 4203 2890 4252 detinentur
2923 4232 2938 4243 ι

499 4303 590 4353 per
625 4303 984 4352 quoscumque,
1023 4290 1178 4340 etiam
1215 4297 1544 4339 sacrosancte
1577 4290 1811 4338 Romane
1847 4288 2059 4337 ecclesie
2096 4287 2397 4349 cardinales,
2431 4288 2497 4336 ad
2537 4301 2740 4336 mensas
2775 4302 2888 4351 pre·

499 4372 722 4421 latorum
758 4373 1087 4435 pertinentes,
1123 4384 1175 4424 et
1210 4375 1365 4424 etiam
1402 4373 1612 4434 decime,
1649 4373 1771 4422 licet
1806 4373 2002 4421 nullum
2054 4372 2235 4421 herens
2288 4371 2588 4422 beneficium
2646 4371 2888 4431 habeant,

499 4457 825 4506 includantur
861 4458 956 4506 sub
993 4460 1325 4522 deputatione
1362 4458 1607 4521 predicta.
1680 4456 1934 4520 Quodque
1971 4458 2061 4516 illi,
2100 4459 2280 4520 quibus
2316 4458 2462 4519 aliaS,
2498 4473 2564 4506 ex
2598 4457 2887 4521 priuilegio,

500 4543 867 4591 consuetudine
927 4543 1012 4590 uel
1070 4551 1284 4601 statuto,
1331 4541 1526 4591 fructus
1562 4542 2253 4607 beneficiorumrvacantium
2283 4543 2430 4605 primi
2466 4542 2586 4591 anni
2623 4541 2886 4601 debentur,

500 4642 633 4676 anno
671 4626 899 4690 sequenti
936 4627 1054 4676 illos
1090 4629 1349 4692 percipere
1384 4627 1608 4686 valeant,
1645 4628 1779 4676 sicut
1812 4626 1977 4689 primo
2014 4641 2149 4675 anno
2184 4623 2403 4688 fuerant,
2440 4627 2482 4674 si
2514 4641 2620 4675 non
2658 4626 2887 4675 obstaret

499 4712 638 4761 dicta
674 4719 852 4761 nostra
888 4712 1172 4776 deputatiO,
1210 4712 1512 4776 percepturi.
1598 4709 1672 4761 Ut
1725 4720 1897 4761 autem
1950 4712 2087 4760 circa
2120 4711 2429 4761 solutionem
2464 4712 2716 4760 dictorum
2751 4709 2886 4760 fruc-
