3534 5361
396 2293 518 2332 tomo

1736 367 1856 427 130

594 551 738 621 Hoc
790 548 1111 620 beneficia
1166 558 1578 619 vncauernnt
1630 552 1693 619 in
1732 536 2014 622 ¹ciuitate
2070 563 2134 622 et
2186 551 2441 623 diocesi
2510 550 2977 639 strengenen-

595 668 776 738 sibus
832 665 1000 737 infra
1054 666 1419 760 predictum
1484 665 1829 737 Biennium
1894 690 2022 760 que
2084 666 2431 738 solueruut
2483 665 2735 736 fructus
2791 667 2979 759 primi

1485 786 1634 853 anni
1689 794 1762 854 vt
1814 788 2108 879 sequitur

1699 974 1888 1032 primo

594 1057 907 1116 Prebeuda.
931 1056 1028 1113 dni
1053 1055 1326 1115 Nicholai
1353 1056 1621 1114 canonici
1643 1055 2083 1132 Strengenensis
2171 1075 2288 1113 .xx.
2336 1075 2510 1115 marc.
2556 1058 2685 1114 den.
2737 1125 2745 1131 ‚

593 1228 742 1284 Item
787 1226 1199 1296 Thorsharghe
1332 1267 2191 1281 .........
2197 1224 2335 1298 xxij.
2362 1244 2536 1285 marc.
2564 1244 2697 1284 cum
2728 1223 2985 1281 dimidia.

593 1325 854 1403 Kynlum
904 1325 1190 1401 (Kyulum
1206 1325 1264 1388 7)
1336 1367 2195 1382 .........
2200 1326 2341 1402 xvij.
2386 1347 2566 1386 marc.
2614 1345 2747 1385 cum
2792 1325 2926 1382 dim.

594 1426 1003 1486 Medbalosum
1052 1444 1182 1483 cum
1229 1445 1458 1483 annexa
1544 1469 2194 1483 .......
2200 1445 2297 1485 xv.
2342 1447 2517 1486 marc.

596 1529 832 1586 Tunum
879 1545 1011 1585 eum
1056 1545 1286 1583 annexa
1429 1569 2185 1584 ........
2190 1547 2250 1584 x.
2296 1547 2475 1587 marc.

595 1629 868 1687 Lundum
913 1646 1044 1686 cum
1089 1645 1318 1684 annexa
1428 1670 2186 1688 ........
2196 1648 2293 1687 xv.
2329 1648 2510 1686 marc.

596 1732 967 1807 Thysteberg
1010 1748 1143 1788 cum
1185 1748 1416 1786 annexa
1540 1771 2189 1788 .......
2195 1729 2294 1805 xij.
2342 1749 2520 1789 marc.
2566 1749 2697 1788 cum
2744 1730 2879 1787 dim.

597 1832 868 1893 Sorunda
1007 1871 2185 1888 ............
2191 1850 2292 1888 xx.
2340 1850 2515 1889 marc.

537 2305 570 2330 ..
601 2266 760 2336 Item
819 2268 880 2333 in
936 2261 1245 2334 Nerichia
1303 2261 1598 2331 eiusdem
1656 2262 1941 2333 diocesis
1996 2264 2508 2355 Strengenensis
2577 2273 2990 2336 vacauerunt

1631 2379 1954 2450 beneficia

1700 2553 1888 2627 primo

604 2656 1009 2717 Glanzhamar
1055 2696 2126 2713 ...........
2132 2674 2189 2715 x.
2232 2673 2409 2713 marc.
2455 2654 2583 2713 den.

600 2757 909 2832 Creklinge
1051 2797 2131 2812 ...........
2136 2775 2194 2812 x.
2240 2775 2416 2814 marc.

599 2858 943 2934 Axabiergh
1048 2897 2126 2913 ...........
2130 2874 2187 2911 v.
2234 2875 2412 2914 marc.
2845 2921 2851 2926 q

600 2952 930 3017 *vnn-asel
1055 2997 2132 3014 ...........
2138 2955 2215 3030 iij.
2263 2975 2440 3015 marc.
2489 2977 2621 3016 cum
2667 2957 2760 3032 .vj.
2805 2959 2936 3016 oris.

602 3059 965 3135 Litlakirkyo
1053 3098 2126 3116 ...........
2130 3056 2207 3131 iij.
2251 3077 2428 3115 marc.
2475 3078 2607 3116 cum
2653 3058 2745 3132 .vj.
2794 3059 2928 3118 oris,

602 3511 746 3581 Hec
800 3508 1119 3580 beneficia
1174 3519 1590 3580 vacauerunt
1642 3512 1706 3579 in
1762 3511 2026 3579 ciuitate
2081 3520 2147 3580 et-
2187 3510 2439 3579 diocesi
2465 3509 2989 3603 Lincopensibus

603 3628 775 3700 infra
828 3627 1195 3723 predictum
1258 3629 1600 3699 Biennium
1667 3650 1800 3723 que
1877 3627 2222 3698 sciuerunt
2287 3626 2538 3697 fructus
2593 3629 2784 3721 primi
2840 3630 2988 3697 anni

1307 3752 1312 3757 “
1580 3755 1653 3816 vt
1704 3747 2002 3839 sequitur

1698 3917 1886 3994 primo

603 4020 874 4080 Ecclesia
915 4019 1082 4079 Aker
1150 4059 2229 4077 ...........
2235 4039 2334 4077 xx.
2383 4039 2561 4078 marc.
2605 4020 2734 4076 den.

603 4122 973 4198 Agundaryd
1041 4160 2222 4179 ............
2225 4119 2322 4196 xij.
2368 4140 2545 4179 marc.
2594 4139 2726 4179 curn
2771 4120 2905 4177 dim.

602 4222 884 4281 Forsidhe
948 4262 2229 4280 .............
2234 4241 2292 4279 x.
2336 4241 2512 4279 marc.

602 4322 894 4397 Reskinge
948 4363 2233 4379 .............
2237 4322 2352 4397 viij.
2401 4342 2574 4380 marc.

601 4421 987 4497 *Ligthohust
1048 4462 2120 4481 ...........
2211 4423 2403 4482 nichil.

603 4524 871 4599 Sandsyo
931 4564 2220 4582 .............
2224 4544 2321 4582 xv.
2365 4541 2542 4580 marc.

675 4667 691 4698 ¹
729 4672 856 4723 Skal
882 4687 1013 4722 vaere
1033 4668 1358 4739 „Vintruse.“
