3534 5361
1705 308 1824 366 148

567 497 767 550 statem,
804 492 946 540 cuius
982 491 1176 541 fauoris
1214 490 1488 555 presidium
1524 490 1619 552 ipsi
1654 491 1865 552 negotio
1904 506 1998 540 suo
2042 491 2160 542 loco
2196 500 2247 542 et
2294 499 2522 556 tempore
2557 494 2812 543 credimus
2847 508 2951 543 non

568 575 759 623 deesse.
829 574 1025 625 Verum
1061 576 1178 639 quia
1215 576 1503 624 huiusmodi
1540 576 1880 636 receptionem
1918 575 2077 637 ipsius
2101 575 2313 640 pecunie
2340 591 2444 625 non
2464 576 2653 627 frustra
2671 577 2951 627 notabilem

567 660 620 708 in
665 659 1051 723 derogationem
1100 659 1308 708 honoris
1355 659 1447 718 tui,
1486 674 1545 707 ac
1583 661 1718 720 regie
1755 660 2039 709 honestatis
2076 661 2257 709 cedere
2293 676 2385 723 pro
2420 661 2567 711 firmo
2604 668 2868 722 testamur,
2903 669 2953 711 et

566 743 620 792 in
656 744 916 807 pernitiem
955 745 1088 793 dicte
1126 753 1255 792 terre
1292 742 1427 792 foret
1461 738 1681 807 exempli
1719 744 1902 792 exinde
1938 743 2055 806 alijs
2091 760 2250 793 causa
2285 745 2420 793 mali.
2492 744 2602 795 Nos
2635 745 2757 796 licet
2781 746 2952 796 huius-

567 827 705 877 modi
742 826 865 877 facti
901 829 1122 892 qualitas
1170 830 1400 892 exigeret
1452 842 1603 891 super
1655 828 1752 878 hoc
1812 826 1969 877 fuisse
2029 828 2178 878 aliter
2228 830 2622 891 procedendum,
2668 845 2732 879 ne
2786 837 2954 880 tamen

568 913 834 962 caritatem
871 928 1063 975 ueram,
1101 929 1251 977 quam
1288 928 1429 962 more
1465 913 1669 976 superni
1706 912 1880 976 patris,
1917 914 2060 962 cuius
2096 911 2372 962 uicariatus
2401 914 2624 964 interris
2649 930 2955 979 quamquam

568 995 764 1058 indigni
802 995 1030 1048 officium
1068 999 1373 1058 obtinemus,
1412 997 1478 1046 ad
1514 995 1738 1057 regalem
1764 999 2088 1046 serenitatem
2113 998 2300 1046 habere
2326 997 2644 1048 decreuimus
2663 997 2955 1063 refriguisse

569 1082 958 1145 quomodolibet
994 1085 1231 1147 opineris,
1268 1084 1331 1131 ad
1369 1089 1418 1131 te
1456 1083 1507 1130 in
1544 1081 1948 1130 mansuetudinis
1985 1081 2167 1144 spiritu
2203 1081 2465 1143 dirigimus
2520 1084 2711 1147 scripta
2763 1092 2954 1143 nostra,

569 1165 923 1216 celsitudinem
959 1167 1151 1229 regiam
1189 1166 1466 1216 affectuose
1502 1173 1756 1227 roganteS,
1794 1171 2046 1227 quatenus
2083 1165 2363 1228 predictam
2399 1166 2735 1230 quantitatem
2759 1168 2956 1231 argenti

570 1250 757 1299 dilecto
793 1251 901 1300 filio
938 1253 1184 1315 magistro
1221 1251 1510 1300 Bertrando
1547 1250 1794 1298 Amalrici
1833 1249 2136 1313 cappellano
2191 1259 2367 1299 nostro
2420 1251 2670 1301 canonico
2716 1251 2957 1302 Remensi

570 1334 833 1384 collectori
871 1336 1066 1385 decime
1102 1336 1153 1384 in
1190 1351 1347 1398 regno
1384 1342 1474 1404 tuo
1520 1350 1551 1383 a
1599 1335 1716 1382 sede
1772 1334 2057 1397 apostolica
2102 1335 2346 1395 deputato
2396 1341 2573 1384 nostro
2625 1343 2677 1385 et
2732 1337 2956 1386 eiusdem

571 1424 702 1468 terre
737 1423 941 1470 nomine
978 1421 1243 1469 restituere
1280 1419 1475 1483 plenius
1514 1419 1724 1467 omnino
1778 1433 2038 1481 procures.
2130 1418 2209 1467 Ita
2247 1419 2381 1481 quod
2416 1419 2600 1468 exinde
2635 1420 2958 1484 imperatoris

571 1503 775 1552 celestis
811 1506 1029 1565 gratiam
1064 1506 1265 1553 vberius
1301 1505 1557 1563 merearis,
1594 1509 1645 1552 et
1678 1503 1950 1551 laudabilis
1987 1502 2315 1551 constituaris
2353 1504 2406 1552 iu
2444 1501 2596 1564 labijs
2633 1505 2959 1569 populorum,

572 1602 764 1650 nosque
800 1589 966 1638 zelum
1002 1595 1085 1637 tue
1123 1588 1410 1637 devotionis
1447 1604 1513 1636 ex
1550 1590 1649 1636 hoc
1686 1585 2038 1650 multipliciter
2073 1588 2500 1638 commendemus.
2572 1593 2768 1642 Datum
2799 1592 2959 1641 Rome

572 1671 707 1735 apud
745 1680 981 1721 sanctum
1008 1671 1209 1721 Petrum
1249 1672 1348 1734 .vij.
1387 1673 1500 1721 idus
1539 1670 1680 1734 Junij
1720 1672 2047 1735 pontificatus
2084 1672 2244 1719 nostri
2284 1686 2418 1721 anno
2455 1674 2696 1723 secundo.

1288 1752 1418 1796 (Arch.
1450 1755 1530 1792 Vnt.
1561 1754 1651 1801 ch.
1684 1754 1769 1792 Nic.
1802 1755 1857 1792 ΙΙΙ.
1891 1765 1950 1791 an.
1980 1753 2022 1790 ΙΙ.
2055 1763 2113 1800 ep.
2146 1753 2247 1795 136).

1387 1979 1479 2036 15.
1574 1978 1749 2035 1279.
1842 1976 1954 2034 9de
1997 1975 2156 2033 Juni.

709 2093 954 2145 Nicolaus
991 2094 1260 2159 episeopus
1297 2110 1336 2143 s,
1376 2110 1415 2142 s,
1454 2096 1500 2143 d.
1540 2094 1728 2144 dilecto
1774 2093 1881 2142 filio
1934 2092 2182 2155 magistro
2238 2093 2524 2143 Bertrando
2572 2090 2824 2143 Amalrici
2877 2109 2959 2144 ca·

575 2179 780 2243 pellano
816 2186 994 2229 nostro
1031 2180 1279 2230 canonico
1314 2179 1552 2229 Remensi
1591 2178 1859 2227 collectori
1913 2178 2107 2226 decime
2151 2179 2203 2226 in
2256 2176 2428 2227 Suetie
2481 2184 2532 2226 et
2581 2176 2738 2227 Datie
2790 2179 2958 2241 regnis

576 2270 708 2313 terre
745 2270 918 2313 sancte
954 2264 1180 2313 subsidio
1218 2267 1458 2326 deputate
1486 2264 1703 2312 salutem
1740 2269 1835 2311 ete.
1924 2262 2011 2309 Ex
2047 2269 2220 2312 tenore
2255 2261 2541 2310 litterarum
2569 2269 2780 2317 ,tuarum
2817 2264 2960 2314 nobis

576 2348 799 2398 innotuit
833 2350 970 2413 quod
1015 2348 1246 2397 nonnulli
1285 2349 1452 2397 clerici
1507 2348 1686 2411 quibus
1737 2346 2074 2396 ministerium
2128 2346 2403 2408 colligendi
2456 2345 2704 2395 decimam
2757 2348 2810 2397 in
2861 2348 2960 2398 illis

574 2432 806 2497 partibus
842 2434 1154 2493 commisisti,
1193 2448 1246 2481 se
1283 2433 1471 2496 absque
1510 2440 1597 2480 tua
1631 2431 1842 2480 lieentia
1877 2431 1942 2478 ad
1961 2437 2131 2493 partes
2152 2430 2424 2480 transferre
2450 2437 2669 2480 remotas
2695 2438 2747 2481 et
2764 2433 2960 2497 aliquas

578 2517 887 2580 quantitates
922 2519 1135 2581 pecunie
1172 2533 1323 2581 quam
1360 2518 1421 2566 de
1456 2516 1747 2566 huiusmodi
1786 2515 1980 2564 decime
2016 2515 2336 2578 collegerant
2355 2531 2525 2566 secum
2544 2522 2809 2579 asportare
2834 2533 2964 2570 ausu

578 2601 773 2651 nefario
808 2611 1244 2666 presumpserunt,
1283 2604 1345 2651 de
1381 2602 1658 2651 ministerio
1694 2599 2015 2649 collectionis
2052 2606 2257 2663 peracte
2294 2606 2714 2662 contempnentes
2753 2602 2963 2651 reddere

579 2687 843 2737 rationem.
881 2698 1090 2752 propter
1125 2690 1261 2751 quod
1300 2696 1357 2737 tu
1392 2689 1679 2748 apostolica
1714 2687 2021 2735 auctoritate
2060 2685 2149 2734 tibi
2184 2685 2236 2734 in
2271 2686 2371 2734 hac
2424 2691 2565 2746 parte
2602 2689 2877 2737 commissa
2914 2687 2965 2736 iu

579 2787 665 2822 eos
702 2772 940 2836 exigente
984 2775 1179 2823 iustitia
1216 2773 1763 2824 excommunicationis
1818 2770 2120 2818 sententiam
2180 2770 2535 2833 promulgasti.
2626 2769 2736 2820 Nos
2796 2773 2964 2834 itaque

578 2871 873 2921 processum
910 2865 1054 2908 tuum
1090 2867 1242 2924 prout
1276 2875 1428 2923 super
1463 2861 1562 2908 hoc
1599 2856 1811 2921 prouide
1857 2854 2078 2903 habetur
2129 2854 2484 2919 multipliciter
2535 2857 2968 2916 commendantes,

582 2941 873 2991 discretioni
910 2950 995 2992 tue
1032 2959 1122 3006 per
1156 2944 1442 3008 apostolica
1478 2943 1666 3006 scripta
1701 2940 2000 2989 mandamus
2049 2947 2295 3001 quatenus
2355 2946 2538 2988 contra
2590 2948 2969 3004 presumptores

583 3027 872 3076 huiusmodi
908 3043 1067 3090 usque
1113 3031 1179 3077 ad
1233 3028 1636 3078 satisfactionem
1689 3026 1998 3087 condignam
2051 3039 2303 3087 aggraues
2355 3037 2561 3073 manum
2620 3029 2765 3073 tuam
2816 3032 2969 3088 prout

582 3111 900 3160 contumatia
922 3115 1153 3176 exegerit
1189 3114 1483 3163 eorumdem
1519 3113 1759 3160 inuocato
1814 3117 1993 3158 contra
2044 3123 2132 3157 eos
2187 3124 2339 3170 super
2391 3108 2487 3156 hoc
2547 3107 2589 3156 si
2633 3123 2761 3173 opus
2817 3108 2972 3158 fuerit

583 3196 778 3245 auxilio
814 3197 1008 3260 brachij
1048 3197 1306 3246 secularis.
1378 3197 1570 3245 Datum
1606 3194 1769 3244 Rome
1806 3194 1943 3258 apud
1978 3200 2212 3241 sanctum
2248 3192 2459 3241 Petrum
2487 3206 2548 3239 .v.
2580 3191 2648 3240 id.
2680 3192 2823 3257 Junij
2848 3210 2972 3258 pon·

586 3280 806 3329 tificatus
844 3283 1003 3330 nostri
1039 3297 1173 3331 anno
1211 3283 1454 3331 secundo.

1303 3363 1432 3409 (Arch.
1462 3363 1546 3401 Vnt.
1576 3362 1666 3408 Reg.
1697 3360 1778 3400 Nic.
1810 3359 1871 3398 lll.
1902 3370 1963 3397 an.
1995 3359 2034 3396 ll.
2066 3368 2124 3408 ep.
2160 3355 2260 3401 137).

1400 3588 1492 3645 16.
1587 3586 1764 3644 1279.
1855 3583 1966 3641 9de
2010 3582 2170 3641 Juni.

723 3701 968 3752 Nicolaus
1004 3703 1273 3767 episcopus
1311 3720 1348 3752 s.
1389 3720 1427 3752 s.
1467 3705 1514 3751 d.
1554 3702 1739 3751 dilecto
1765 3699 1874 3749 filio
1899 3699 2145 3760 magistro
2166 3696 2453 3745 Bertrando
2479 3693 2727 3744 Amalrici
2754 3703 2848 3746 etc.
2878 3706 2974 3747 etc.

589 3787 805 3836 salutem
843 3795 938 3836 etc.
1009 3787 1185 3852 Nuper
1220 3804 1284 3837 ex
1324 3798 1412 3836 tua
1447 3787 1791 3837 insinuatione
1827 3783 2116 3846 accepimus
2154 3780 2581 3845 quemadmodum
2617 3785 2749 3830 terre
2803 3791 2975 3832 sancte

588 3880 895 3934 procuratur
929 3873 1143 3933 utilitas,
1180 3875 1222 3922 si
1258 3873 1478 3937 pecunia
1514 3873 1706 3922 decime
1743 3871 1796 3917 in
1836 3868 2064 3931 partibus
2089 3866 2192 3916 illis
2213 3866 2432 3916 collecta
2450 3866 2502 3914 in
2517 3864 2792 3915 Franciam
2812 3873 2976 3916 trans-

588 3956 836 4017 mittatur,
875 3971 1049 4005 uerum
1089 3964 1257 4006 tamen
1295 3957 1500 4015 hesitas‚
1539 3956 1671 4017 quod
1711 3954 1889 4016 prelati
1926 3953 2151 4015 ipsarum
2187 3949 2408 4014 partium
2451 3950 2502 3997 id
2554 3949 2665 3998 ficri
2719 3952 2780 3999 de
2836 3950 2975 4020 facili

590 4056 695 4090 non
730 4043 1023 4103 permittant
1057 4042 1246 4104 absque
1284 4042 1523 4090 mandato
1562 4039 1694 4088 sedis
1732 4036 2011 4101 apostolice
2048 4034 2273 4100 speciali.
2327 4031 2434 4082 Nos
2487 4035 2659 4097 itaque
2719 4032 2977 4100 cupientes

591 4127 725 4174 dicte
761 4134 892 4174 terre
929 4127 1279 4190 prosperitatis
1317 4125 1589 4174 commoda
1624 4137 1917 4187 procurare,
1939 4122 2084 4169 discr.
2115 4128 2201 4168 tue
2244 4133 2333 4181 per
2366 4133 2451 4180 ap.
2491 4132 2586 4166 scr.
2624 4134 2689 4168 m.
2730 4127 2979 4183 quatenus

589 4213 857 4273 pecuniam
893 4212 1056 4274 ipsam
1093 4226 1265 4260 coram
1303 4209 1502 4259 duobus
1540 4208 1621 4257 uel
1676 4208 1836 4256 tribus
1897 4206 2161 4270 episcopiS,
2220 4203 2419 4253 reddita
2478 4201 2704 4264 plenarie
2762 4205 2979 4267 ratione,

589 4296 753 4358 ipsam
791 4297 991 4344 demum
1029 4297 1122 4344 sub
1159 4297 1446 4344 testimonio
1482 4295 1766 4342 litterarum
1802 4293 2029 4355 ipsorum
2066 4290 2423 4352 episcoporum
2459 4301 2634 4337 eorum
2673 4291 2980 4340 munitarum

593 4381 772 4442 sigillis
809 4382 862 4430 in
896 4382 1168 4430 Franciam
1207 4389 1382 4429 nostro
1420 4387 1470 4428 et
1503 4379 1718 4427 ecclesie
1753 4377 1983 4427 Romane
2021 4375 2226 4423 nomine
2264 4371 2539 4421 transferre
2593 4380 2645 4423 et
2697 4373 2818 4421 inibi
2868 4389 2979 4422 eam

594 4467 780 4530 deponi
816 4468 868 4514 in
904 4473 1016 4515 tuto
1054 4467 1171 4514 loco
1209 4480 1467 4530 procureS,
1509 4465 1570 4512 de
1608 4462 1892 4527 quantitate
1930 4467 2103 4507 autem
2149 4457 2440 4506 huiusmodi
2493 4456 2708 4520 pecunie
2762 4467 2813 4505 et
2863 4457 2981 4507 loco

592 4552 643 4599 in
681 4565 781 4613 quo
818 4551 1050 4613 deposita
1086 4548 1253 4610 fuerit,
1289 4548 1446 4598 facias
1472 4548 1578 4596 fieri
1608 4547 1868 4610 publicum
1894 4543 2311 4606 jnstrumentum,
2329 4542 2456 4590 illud
2482 4542 2627 4591 nobis
2654 4544 2980 4605 postmodum

594 4635 912 4683 remissurus,
1003 4633 1259 4683 Volumus
1313 4640 1482 4682 tamen
1531 4632 1667 4695 quod
1720 4630 1874 4692 ijdem
1934 4628 2157 4692 episcopi
2218 4632 2462 4689 quantum
2516 4626 2578 4674 de
2624 4624 2825 4675 decima
2872 4627 2983 4691 ipsa
