3534 5361
1783 371 1900 431 160

644 563 696 604 et
731 555 846 616 alijs
884 557 1102 605 dominis
1136 571 1227 605 seu
1266 555 1565 615 rectoribus,
1603 554 1712 604 siue
1748 555 1977 616 consilijs
2030 556 2297 606 ciuitatum
2349 566 2653 609 castrorum.
2706 565 2757 607 et
2792 550 3030 609 *aliorum

646 641 872 689 locorum
909 641 973 689 ad
1013 655 1138 703 quos
1174 641 1341 690 littere
1376 641 1473 688 iste
1508 642 1834 702 peruenerint
1869 641 2086 690 salutem
2126 650 2176 690 et
2219 642 2556 705 apostolicam
2608 642 3030 693 benedictionem.

643 724 774 775 Cum
812 725 1052 773 dilectum
1088 725 1248 774 filium
1289 724 1653 786 Huguitionem
1674 725 1951 788 plebanum
1977 725 2138 787 plebis
2165 728 2226 774 de
2247 726 2559 776 castellione
2580 726 2793 776 Aretine
2814 728 3032 777 diocesis

644 810 965 872 capellanum
1003 823 1250 868 nostrum,
1287 814 1503 861 latorem
1549 811 1861 873 presentium
1916 810 1980 857 ad
2039 824 2251 872 regnum
2303 811 2554 875 Norweye
2606 813 2883 862 commissa
2940 814 3032 862 sibi

643 895 983 945 sollicitudine
1021 898 1297 960 colligendi
1337 897 1585 945 decimam
1634 893 2099 943 ecelesiasticorum
2152 903 2496 959 proucutuum
2551 898 2849 960 deputatam
2903 903 3032 946 terre

643 991 818 1029 sancte
857 982 1084 1030 subsidio
1122 983 1447 1031 destinemus.
1518 978 1922 1027 Vniuersitatem
1958 986 2182 1028 uestram
2209 995 2451 1041 rogamus
2476 988 2527 1028 et
2549 981 2816 1030 hortamur
2841 988 3033 1031 attente

643 1079 734 1127 per
768 1068 1053 1128 apostolica
1090 1068 1236 1115 uobis
1275 1066 1463 1129 scripta
1498 1065 1801 1113 mandantes
1839 1062 2076 1124 quatinus
2115 1064 2279 1112 eidem
2317 1063 2583 1126 capellano
2621 1079 2738 1113 cum
2785 1080 2876 1128 per
2920 1081 3033 1130 par·

645 1159 721 1198 tes
758 1161 955 1199 uestras
993 1150 1264 1199 transitum
1300 1149 1491 1207 feccrit,
1519 1164 1609 1213 pro
1634 1162 1687 1196 se
1724 1156 1776 1195 et
1812 1145 2008 1195 familia
2044 1155 2095 1195 et
2130 1148 2277 1196 bonis
2315 1147 2419 1196 suis
2457 1149 2518 1196 de
2556 1164 2738 1199 securo
2777 1152 3036 1200 conductu

643 1237 697 1284 in
733 1237 899 1285 eundo
948 1236 1198 1284 morando
1252 1241 1303 1282 et
1355 1234 1615 1282 redeundo
1669 1231 1734 1279 ob
1790 1229 2128 1279 reuerentiam
2182 1231 2460 1294 apostolice
2515 1234 2650 1283 sedis
2704 1242 2756 1283 et
2807 1242 3034 1284 nostram

643 1321 919 1369 liberaliter
952 1319 1221 1382 prouidere
1258 1318 1462 1378 curetis,
1496 1319 1570 1366 ita
1607 1317 1742 1379 quod
1780 1315 2071 1364 deuotionis
2107 1324 2278 1364 uestre
2304 1317 2756 1379 promptitudinem
2781 1321 3034 1383 possimus

644 1405 830 1454 exinde
867 1406 1048 1453 merito
1086 1404 1457 1452 commendare.
1545 1402 1742 1450 Datum
1788 1401 1950 1449 Rome
1985 1400 2123 1462 apud
2158 1409 2393 1449 sanctum
2427 1400 2636 1450 Petrum
2673 1402 2773 1451 kal.
2812 1383 3034 1453 Nouem-

643 1490 746 1538 bris
781 1490 1112 1553 pontifieatus
1149 1487 1307 1535 nostri
1347 1501 1482 1535 anno
1519 1486 1696 1550 prime.

1309 1567 1442 1613 (Ar-eli.
1471 1570 1553 1606 Vnt.
1585 1569 1674 1615 Reg.
1707 1569 1843 1605 Honor.
1873 1567 1933 1603 lv.
1963 1577 2024 1605 tn.
2054 1567 2081 1604 1.
2112 1578 2173 1615 ep.
2200 1566 2276 1603 217
2305 1565 2361 1610 b).

1339 1795 1434 1851 37.
1530 1793 1707 1850 1285.
1805 1795 1927 1849 lste
1972 1792 2324 1849 November.

783 1911 1041 1960 Honorius
1079 1911 1350 1974 episcopus
1405 1924 1444 1957 s.
1484 1924 1522 1955 s.
1561 1909 1608 1955 d.
1650 1905 2026 1954 venerabilibus
2073 1906 2315 1955 fratribus
2369 1907 2769 1971 archiepiscopis
2823 1915 2876 1957 et
2930 1908 3033 1973 epi·

644 1998 829 2060 scopis,
866 2011 925 2044 ac
964 1995 1080 2055 alijs
1118 1994 1446 2042 eeclesiarum
1485 1991 1692 2053 prelatis
1729 1993 1870 2051 regni
1908 1990 2100 2050 Suetie‚
2134 1990 2353 2039 salutem
2392 1992 2479 2039 διο.
2552 1990 2835 2042 Credentes
2880 1994 3032 2043 firmi-

644 2091 720 2131 ter
754 2082 890 2144 quod
926 2081 991 2128 ad
1028 2079 1228 2128 felicem
1264 2078 1638 2142 promotionem
1675 2075 1867 2136 negotij
1909 2084 2040 2122 terre
2078 2083 2255 2123 sancte
2291 2077 2474 2124 mentis
2522 2085 2694 2125 nostre
2726 2077 3031 2127 desiderium

642 2167 907 2227 dirigatur,
929 2179 1104 2212 secure
1140 2164 1402 2225 pulsamus
1442 2178 1534 2210 uos
1571 2160 1806 2223 precibus
1845 2168 1895 2207 et
1930 2159 2230 2220 requirimus
2266 2160 2572 2209 fiducialiter
2608 2176 2762 2225 super
2797 2162 2899 2225 hijs
2936 2178 3031 2226 que

641 2249 897 2313 prefatum
922 2250 1187 2308 negotium
1211 2250 1506 2309 contingere
1533 2247 1882 2294 dinoscuntur.
1946 2243 2078 2292 Cum
2104 2245 2272 2305 itaque
2298 2244 2539 2293 dilectum
2562 2245 2726 2295 filium
2755 2246 3029 2311 Huguitio-

643 2350 758 2384 nem
794 2334 1070 2398 plebanum
1107 2334 1192 2382 διο.
1231 2334 1295 2381 ad
1321 2346 1533 2394 regnum
1557 2330 1731 2380 Suetie
1760 2344 1854 2393 pro
1875 2328 2087 2391 negotio
2108 2328 2302 2377 decime
2322 2335 2453 2377 terre
2479 2337 2655 2379 sancte
2673 2332 2724 2380 in
2743 2347 2902 2395 regno
2920 2333 3030 2397 ipso

643 2418 969 2468 subuentioni
1006 2431 1262 2476 concesse,
1302 2423 1507 2479 sumpta
1543 2416 1605 2463 de
1640 2414 1801 2477 ipsius
1839 2412 2103 2475 multiplici
2152 2413 2408 2475 probitate
2460 2415 2649 2463 fiducia
2702 2416 3029 2478 destinemus,

644 2504 1001 2553 discretionem
1037 2508 1263 2550 uestram
1297 2501 1580 2563 rogandam
1615 2505 1811 2546 attente
1859 2496 2098 2545 duximus
2153 2505 2204 2545 et
2255 2498 2578 2559 hortandam,
2631 2510 2881 2563 quatenus
2939 2517 3031 2565 pro

645 2590 820 2638 diuina
856 2594 907 2637 et
941 2587 1223 2650 apostolice
1270 2586 1403 2633 sedis
1458 2583 1744 2632 reuerentia
1795 2582 2080 2644 predictum
2133 2580 2407 2643 plebanum
2463 2584 2709 2635 habentes
2762 2586 3030 2649 benignius

644 2673 1071 2731 commendatum,
1108 2670 1202 2720 sibi
1256 2686 1409 2734 super
1460 2668 1733 2733 premissis,
1782 2682 1897 2715 cum
1934 2666 1998 2714 ab
2036 2682 2096 2715 eo
2132 2663 2327 2716 fueritis
2364 2668 2608 2731 requisiti,
2646 2670 2801 2720 uestri
2837 2670 3031 2722 fauoris

646 2758 897 2808 auxilium
934 2757 1255 2820 impendatiS,
1292 2755 1338 2804 ei
1376 2756 1436 2803 de
1474 2769 1653 2803 securo
1691 2753 1950 2801 conductu
1987 2752 2257 2814 prouisuri,
2292 2753 2367 2801 ita
2402 2755 2539 2815 quod
2596 2756 2728 2805 idem
2783 2756 3031 2820 plebanus

644 2852 819 2892 uestro
856 2842 1032 2890 fauore
1068 2839 1307 2890 suffultus
1345 2838 1656 2888 fructuosius
1693 2844 1745 2885 et
1782 2835 2033 2884 efficatius
2068 2836 2256 2885 habere
2294 2853 2348 2886 se
2384 2838 2558 2888 ualeat
2609 2841 2662 2887 in
2714 2840 2812 2889 hac
2865 2849 3028 2905 parte,

646 2943 839 2991 uosque
892 2926 1106 2989 proinde
1167 2927 1231 2973 ab
1284 2925 1508 2973 omnium
1568 2922 1869 2970 retributore
1923 2921 2175 2969 bonorum
2234 2923 2490 2985 condigna
2540 2924 2735 2987 premia
2788 2929 3030 2990 consequi

646 3014 876 3070 ualeatis,
915 3026 975 3060 ac
1011 3025 1103 3059 nos
1140 3017 1308 3057 uestre
1345 3008 1632 3058 deuotionis
1669 3005 2122 3070 promptitudinem
2157 3020 2262 3054 non
2297 3005 2548 3057 immerito
2601 3012 3030 3061 commendemus.

644 3101 766 3148 Dat.
803 3099 966 3147 Rome
1002 3095 1139 3156 apud
1175 3101 1405 3142 sanctam
1431 3092 1674 3143 Sabinam
1700 3090 1804 3139 kal.
1823 3088 2129 3139 Nouembris
2150 3091 2475 3153 pontificatus
2502 3093 2666 3141 nostri
2685 3108 2822 3144 anno
2848 3097 3029 3159 primo.

783 3185 841 3232 In
878 3197 920 3231 e.
956 3196 1022 3229 m.
1061 3179 1259 3227 dilectis
1302 3177 1422 3240 filijs
1476 3176 1735 3239 magistris
1797 3177 1976 3224 domus
2029 3175 2209 3224 militie
2272 3175 2492 3239 Templi,
2547 3177 2816 3243 hospitalis
2870 3183 3032 3230 sancti

646 3268 901 3318 Johannis
938 3262 1362 3319 Jerosolimitani,
1399 3269 1450 3310 et
1485 3262 1673 3311 Sancte
1708 3259 1874 3308 Mario
1909 3258 2351 3310 Theotonicorum
2398 3261 2653 3324 prioribus
2700 3271 2752 3313 et
2788 3263 3031 3315 fratribus

645 3351 890 3401 vniuersis
928 3349 1071 3412 regni
1107 3348 1294 3397 Suetie‚

783 3436 845 3484 In
881 3450 924 3484 e.
961 3449 1028 3482 m.
1066 3448 1233 3482 vener.
1271 3432 1512 3481 fratribus
1549 3430 1944 3493 archiepiscopis
2001 3437 2053 3478 et
2105 3430 2357 3494 episcopis
2396 3432 2482 3480 &Q
2519 3435 2664 3495 regni
2714 3435 2885 3495 Datie,
2941 3451 3033 3498 pro

648 3522 828 3569 eodem
864 3518 1085 3583 plebano
1122 3519 1188 3566 ad
1223 3532 1436 3579 regnum
1469 3515 1643 3564 Datie.

783 3604 845 3653 In
880 3618 923 3652 e.
961 3619 1026 3651 m.
1067 3602 1152 3651 dil.
1189 3602 1308 3664 filijs
1347 3600 1603 3664 magistris
1641 3601 1823 3648 domus
1860 3598 2040 3646 militie
2078 3600 2166 3648 dcc.
2203 3599 2346 3662 regni
2382 3601 2550 3650 Datie.

1339 3683 1471 3731 (Ατοὴ.
1507 3685 1589 3722 Vnt,
1619 3683 1710 3729 seg.
1743 3684 1880 3720 Honor.
1911 3682 1972 3722 lV.
2001 3692 2064 3720 an.
2092 3683 2117 3719 l.
2148 3693 2208 3730 ep.
2235 3680 2340 3726 216).

1370 3912 1465 3970 38.
1506 3902 1509 3905 ’
1560 3909 1737 3967 1285.
1829 3907 1925 3964 5te
1964 3907 2316 3965 November.

785 4028 1050 4079 Honorius
1087 4028 1355 4091 episcopus
1392 4043 1431 4075 ε.
1469 4043 1508 4075 s.
1560 4025 1641 4073 dei
1684 4023 1934 4072 vniuersis
1989 4022 2178 4071 Christi
2232 4023 2467 4072 fidelibus
2523 4033 2784 4087 presentes
2836 4027 3033 4076 litteras

648 4114 949 4176 inspecturis
987 4112 1204 4160 salutem
1240 4120 1292 4160 et
1325 4112 1544 4175 apostol.
1581 4109 1835 4159 benedict.
1932 4106 2064 4156 Cum
2118 4107 2333 4156 dilectos
2386 4108 2521 4157 filios
2559 4109 2837 4173 Aculinum
2874 4109 3034 4171 Salui,

648 4199 872 4247 Baldum
907 4195 1115 4256 Ruffoli,
1150 4197 1428 4245 Bentinum
1464 4194 1754 4258 Danuaeati
1794 4200 1844 4240 et
1882 4191 2102 4240 Cianum
2153 4191 2423 4241 Michaelis
2478 4194 2539 4242 de
2585 4193 2847 4256 Thomasij
2901 4195 3033 4258 Spil-

649 4283 759 4342 lati,
795 4290 849 4331 et
882 4282 1011 4344 Lapi
1058 4280 1261 4344 Vgonis
1315 4280 1486 4344 spine,
1538 4293 1600 4328 ac
1652 4276 2083 4328 Jldebran'dinum
2143 4276 2399 4334 Brunecti,
2453 4277 2779 4328 Jacominum
2839 4278 3034 4341 Alfani,

650 4367 916 4417 Forensini
952 4365 1207 4415 Johannis
1243 4363 1434 4424 Alfani,
1471 4364 1714 4412 Brosium
1748 4360 1945 4417 Juncti‚
1982 4367 2033 4407 et
2069 4358 2358 4408 Johannem
2408 4360 2719 4413 Gna-lterotti
2773 4365 2836 4412 de
2886 4363 3033 4414 Alfa-

652 4469 832 4501 norum
869 4453 1213 4508 societatibuS,
1250 4450 1388 4497 ciues
1427 4458 1478 4497 et
1513 4458 1821 4496 mercatores
1857 4445 2201 4504 Florentinos‚
2239 4445 2429 4493 latores
2468 4447 2778 4509 presentium
2816 4451 2878 4498 ad
2905 4448 3033 4499 Nor-

653 4552 806 4600 weye‚
841 4536 1014 4594 Datie,
1053 4545 1104 4584 et
1140 4535 1312 4582 Suetic
1350 4542 1534 4597 partes,
1572 4548 1663 4595 pro
1702 4530 2005 4593 quibusdam
2044 4529 2256 4576 ecclesie
2285 4528 2516 4578 Romane
2552 4531 2775 4593 negotijs
2815 4533 3033 4581 destine-

651 4604 780 4680 mus,
814 4621 1195 4669 vniuersitatem
1234 4629 1454 4667 uestram
1492 4632 1734 4679 rogamus
1789 4625 1840 4664 et
1896 4617 2162 4665 hortamur
2214 4625 2408 4665 attente
2460 4616 2699 4677 quatinus
2759 4618 2896 4680 ipsos
2951 4619 3034 4666 uel

653 4721 828 4754 eorum
865 4704 1141 4766 quemlibet
1175 4718 1291 4750 eum
1328 4717 1418 4765 per
1453 4718 1547 4750 uos
1585 4701 1852 4750 transitum
1887 4699 2094 4748 fecerint
2117 4702 2257 4749 abire
2275 4701 2432 4753 libere
2451 4700 2821 4764 permittentes,
2838 4701 3034 4750 nullam
