3534 5361
1769 393 1843 448 11

615 779 921 854 lingorum,
967 780 1313 856 computatis
1356 778 1540 836 tribus
1579 779 1778 838 solidis
1822 799 1927 855 per
1971 778 2141 836 diem.

784 880 921 956 Ipse
964 900 1107 938 uero
1152 881 1371 955 recepit
1415 899 1519 954 pro
1565 881 1834 955 expensis
1876 880 1993 937 suis
2046 908 2112 915 --
2163 879 2259 953 iij¹P
2332 878 2461 953 viij‘i
2513 877 2693 952 xxiiij.
2738 880 3002 935 marchas

617 981 983 1039 denariorum
1032 1000 1380 1057 cupreorum
1425 1000 1539 1056 que
1584 981 1785 1038 ualent
1828 983 1903 1037 ad
1944 989 2247 1056 argentum
2293 980 2350 1037 in
2395 981 2651 1055 pondere
2690 979 2875 1035 Dacie
2919 1007 2997 1015 —

614 1081 718 1155 vij‘i
761 1081 923 1156 lxiiij.
970 1083 1238 1139 marchas
1285 1080 1374 1155 .vj.
1420 1082 1638 1154 vncias,
1685 1091 1742 1138 et
1788 1082 1838 1158 .j.
1889 1084 2116 1141 tertiam
2163 1081 2385 1157 argenti
2432 1082 2505 1138 ad
2547 1081 2775 1156 pondus
2797 1079 3003 1150 Dacica,

615 1183 966 1256 computatis
1023 1201 1093 1240 .v.
1156 1182 1402 1238 marchis
1460 1183 1827 1240 denariorum
1869 1202 1976 1258 pro
2032 1180 2294 1256 qualibet
2338 1185 2576 1240 marcha
2620 1181 2841 1255 argenti
2887 1199 3002 1255 que

611 1283 846 1340 redacte
892 1284 965 1341 ad
1010 1285 1236 1359 pondus
1295 1283 1587 1342 Trecense
1645 1293 1780 1341 sunt
1834 1312 1897 1320 —-
1950 1281 2033 1356 vjc.
2086 1282 2331 1357 lxxviiij.
2386 1284 2619 1340 marche
2686 1280 2775 1355 .vj.
2833 1282 2999 1338 vncie

2514 1381 2749 1415 ........

609 1482 708 1557 iiij.
736 1484 842 1541 sol.
887 1492 945 1541 et
988 1485 1059 1559 .ij.
1106 1487 1236 1542 den.
1281 1486 1687 1561 sterlingorum
1721 1517 1789 1524 -—
1820 1486 1890 1541 de
1937 1484 2146 1559 quibus
2192 1484 2455 1541 deductis
2514 1514 2566 1520 --
2626 1483 2712 1558 iij0.
2755 1481 2998 1556 lxxxiiij.

609 1583 769 1641 libris
814 1593 872 1641 et
915 1604 969 1642 v.
1014 1585 1212 1643 solidis
1255 1585 1680 1661 sterlingorum,
1738 1585 1944 1642 debitis
1987 1604 2094 1659 pro
2142 1583 2409 1659 expensis
2461 1584 2673 1640 taxatis
2729 1583 2836 1641 sibi
2895 1601 2998 1657 per

609 1685 829 1742 litteras
874 1686 1245 1761 apostolicas,
1289 1696 1508 1744 restant
1549 1717 1631 1726 —
1678 1686 1855 1761 lxviij.
1910 1685 2057 1742 libre
2102 1694 2158 1741 et
2202 1684 2394 1759 .xviiij.
2437 1684 2604 1742 solidi
2652 1693 2708 1740 et
2751 1682 2823 1757 .ij.
2868 1683 2997 1739 den.

609 1785 1040 1861 sterlingorum,
1086 1807 1231 1863 quas
1273 1789 1403 1864 plus
1446 1788 1665 1864 recepit
1708 1789 1831 1863 ipse
1867 1786 2358 1862 superintendens
2402 1804 2508 1861 pro
2546 1784 2664 1842 suis
2709 1783 2997 1858 expensiS,

609 1904 722 1960 que
766 1886 966 1944 ualent
1010 1890 1083 1945 ad
1109 1890 1497 1947 Turonenses.
1545 1889 1774 1946 cclxxv.
1823 1889 1998 1945 libras
2045 1886 2175 1961 .xvj.
2217 1886 2320 1945 sol.
2369 1894 2426 1942 et
2469 1886 2603 1961 .viij.
2651 1887 2778 1942 den.
2802 1885 2994 1942 Turo-

608 1980 890 2045 nensium.

776 2088 870 2145 De
925 2089 1048 2147 istis
1103 2089 1228 2166 ipse
1286 2090 1536 2148 restituit
1581 2091 1726 2148 duos
1773 2108 1997 2166 pannos
2042 2088 2118 2146 ad
2160 2106 2365 2144 aurum
2423 2087 2493 2143 de
2538 2085 2798 2161 Venetijs
2843 2095 2900 2143 et
2943 2086 2993 2160 .j.

608 2187 871 2262 sciphum
918 2190 1140 2266 argenti
1190 2191 1531 2249 deauratum
1576 2192 1850 2267 ponderis
1896 2190 2008 2266 .xij.
2053 2188 2351 2247 vneiarum
2399 2198 2455 2244 et
2498 2189 2685 2245 medie
2729 2188 2802 2244 ad
2848 2206 2991 2262 pon-

610 2291 718 2348 dus
754 2292 1104 2359 Romanum,
1152 2312 1297 2367 quos
1341 2312 1566 2367 pannos
1613 2303 1669 2350 et
1713 2294 1978 2368 sciphum
2027 2292 2167 2348 dicit
2212 2310 2335 2349 esse
2380 2299 2645 2365 receptos
2700 2309 2805 2365 per
2860 2307 2989 2344 eum

608 2410 715 2466 pro
783 2392 915 2466 .xvj.
958 2393 1119 2451 libris
1173 2394 1392 2452 Turon.
1448 2394 1585 2451 lieet
1648 2395 1967 2452 secundum
2024 2393 2455 2451 extimationem
2497 2412 2609 2449 non
2656 2392 2764 2448 nisi
2817 2419 2880 2426 -
2934 2410 2990 2446 x.

606 2492 734 2550 libr.
779 2494 999 2551 Turon.
1045 2493 1258 2552 ualent.

778 2593 858 2650 Et
922 2595 1004 2652 sic
1043 2606 1224 2652 restat
1268 2596 1424 2672 quod
1467 2595 1592 2673 ipse
1640 2597 2132 2673 Superintendens
2178 2598 2249 2653 de
2291 2595 2399 2670 hijs
2443 2614 2557 2671 que
2600 2595 2730 2670 plus
2774 2591 2994 2666 recepit

607 2713 714 2769 pro
757 2695 876 2752 suis
921 2696 1188 2771 expensis
1229 2726 1308 2733 —
1355 2698 1582 2773 cclviiij.
1626 2699 1753 2757 libr.
1801 2709 1857 2756 ct
1879 2698 1994 2774 xvj.
2028 2699 2131 2757 sol.
2157 2709 2214 2755 et
2237 2697 2365 2772 xiij.
2401 2698 2527 2753 den.
2562 2694 2989 2753 Turonensium

607 2796 778 2853 debet
819 2796 1076 2854 reddere.

775 2897 923 2954 Item
974 2925 1043 2936 -
1093 2897 1200 2973 iiij‘:
1242 2898 1318 2973 lij.
1360 2900 1487 2958 libr.
1535 2899 1629 2975 vij.
1674 2902 1779 2959 sol.
1828 2912 1882 2959 et
1928 2901 2062 2977 viiij.
2110 2903 2238 2959 den.
2281 2899 2726 2958 Turonensium.

945 2998 1184 3058 Summa
1237 3000 1490 3057 omnium
1549 3022 1663 3077 que
1717 3003 1904 3061 dictus
1963 3002 2463 3079 Superintendens
2519 3002 2692 3058 debet
2748 2998 2991 3054 reddere

789 3126 844 3134 -
904 3099 997 3173 vij.
1044 3120 1093 3156 e.
1135 3100 1229 3175 xij.
1275 3101 1401 3159 libr.
1445 3102 1540 3178 iiij.
1585 3104 1688 3161 sol.
1729 3113 1784 3160 et
1832 3123 1899 3159 .v.
1945 3105 2072 3161 den.
2120 3102 2562 3161 Turonensium.

774 3417 918 3475 Item
961 3422 1151 3479 adhuc
1194 3431 1388 3497 preter
1432 3422 1723 3497 predictos
1767 3424 2034 3482 denarios
2081 3424 2250 3481 debet
2290 3422 2584 3498 assignare
2628 3451 2710 3460 --
2756 3420 2838 3494 vj0.
2883 3419 2989 3476 lib-

605 3537 698 3575 ras
752 3519 1181 3579 Turonensium
1247 3524 1450 3581 missas
1507 3524 1766 3583 Parisius
1837 3545 1941 3600 per
2000 3526 2360 3602 Episcopum
2409 3525 2829 3599 Lincopensem
2896 3520 2990 3575 uel

605 3619 744 3677 dare
790 3620 1011 3680 litteras
1059 3624 1305 3699 depositi
1364 3645 1469 3700 pro
1516 3627 1670 3683 dicto
1716 3627 2015 3702 Episcopo
2068 3629 2137 3683 de
2187 3656 2263 3662 -—
2311 3626 2435 3700 viij0.
2479 3626 2601 3702 xxj.
2659 3624 2821 3681 libris
2878 3620 2988 3695 iiij.

602 3721 703 3777 sol.
731 3730 788 3778 et
835 3723 947 3797 iiij.
997 3724 1123 3783 den.
1153 3726 1579 3785 Turonensium
1627 3748 1734 3803 pro
1781 3729 1939 3786 ,cch
1984 3729 2234 3787 marchis
2277 3728 2499 3802 argenti
2521 3727 2620 3784 fini
2646 3745 2759 3801 que
2784 3726 2994 3781 debent

604 3823 814 3897 deponi
858 3835 1033 3900 prout
1078 3846 1256 3902 supra
1301 3827 1527 3885 dicitur.

773 3925 852 3982 Et
896 3928 1084 4002 primo
1130 3929 1446 3986 notandum
1493 3939 1578 3986 est
1621 3930 1682 3987 in
1728 3930 1950 3987 ratione
1995 3930 2220 3987 reddita
2273 3950 2378 4005 per
2435 3930 2650 3987 dictum
2707 3926 2989 4001 archiepi-

601 4044 845 4101 scopum
892 4028 1298 4087 Arelatensem
1348 4032 1503 4105 quod
1547 4030 1604 4086 in
1653 4029 1850 4106 aliqua
1895 4031 2115 4088 ratione
2161 4031 2386 4088 reddita
2431 4050 2533 4106 per
2579 4049 2708 4087 eum
2762 4039 2883 4085 tam
2931 4028 2988 4084 in

602 4128 863 4200 partibus
907 4128 1020 4186 illis
1065 4150 1238 4204 quam
1286 4130 1378 4187 hie
1417 4130 1476 4187 in
1523 4131 1683 4188 curia
1727 4150 1840 4188 non
1888 4132 2178 4189 inuenitur
2221 4132 2447 4190 reddita
2496 4151 2602 4206 per
2656 4130 2989 4206 particilla8‚

601 4228 703 4284 sed
746 4248 852 4303 per
895 4232 1174 4304 quasdam
1221 4251 1488 4289 summas.

772 4329 917 4386 Item
964 4333 1120 4405 quod
1167 4332 1236 4387 de
1281 4334 1531 4407 receptis
1577 4334 1748 4391 etiam
1794 4343 1927 4390 ante
1986 4335 2265 4391 rationem
2333 4335 2620 4391 redditam
2688 4354 2791 4409 per
2856 4352 2988 4390 eum

602 4448 797 4487 coram
855 4432 1092 4507 prelatis
1148 4433 1377 4489 illarum
1438 4434 1687 4509 partium
1748 4456 1852 4510 per
1909 4437 2188 4493 rationem
2245 4437 2339 4493 hic
2384 4437 2682 4493 redditam.
2727 4435 2857 4509 plus
2901 4435 2986 4489 in-

602 4531 833 4588 uenitur
899 4552 1072 4607 quam
1150 4534 1227 4592 ibi
1283 4535 1452 4591 fuerit
1511 4535 1862 4609 assignatum
1922 4537 2072 4594 sicut
2126 4546 2368 4611 apparet
2433 4538 2488 4594 in
2555 4536 2790 4593 summis
2857 4534 2986 4591 libri

600 4632 900 4706 presentiS.
