<?xml version="1.0" encoding="UTF-8"?>
<!DOCTYPE html PUBLIC "-//W3C//DTD XHTML 1.0 Transitional//EN"
    "http://www.w3.org/TR/xhtml1/DTD/xhtml1-transitional.dtd">
<html xmlns="http://www.w3.org/1999/xhtml" xml:lang="en" lang="en">
 <head>
  <title>
</title>
<meta http-equiv="Content-Type" content="text/html;charset=utf-8" />
  <meta name='ocr-system' content='tesseract 3.04.00' />
  <meta name='ocr-capabilities' content='ocr_page ocr_carea ocr_par ocr_line ocrx_word'/>
</head>
<body>
  <div class='ocr_page' id='page_1' title='image "./paveligenuntier00kildgoog_0044.png"; bbox 0 0 3534 5361; ppageno 0'>
   <div class='ocr_carea' id='block_1_1' title="bbox 1721 359 1800 417">
    <p class='ocr_par' dir='ltr' id='par_1_1' title="bbox 1721 359 1800 417">
     <span class='ocr_line' id='line_1_1' title="bbox 1721 359 1800 417; baseline 0.013 -1"><span class='ocrx_word' id='word_1_1' title='bbox 1721 359 1800 417; x_wconf 85' lang='lat'>28</span> 
     </span>
    </p>
   </div>
   <div class='ocr_carea' id='block_1_2' title="bbox 390 542 2961 1426">
    <p class='ocr_par' dir='ltr' id='par_1_2' title="bbox 751 542 2959 620">
     <span class='ocr_line' id='line_1_2' title="bbox 751 542 2959 620; baseline -0.003 -16"><span class='ocrx_word' id='word_1_2' title='bbox 751 548 928 604; x_wconf 88' lang='lat' dir='ltr'>Anno</span> <span class='ocrx_word' id='word_1_3' title='bbox 973 545 1070 601; x_wconf 71' lang='lat' dir='ltr'>dni</span> <span class='ocrx_word' id='word_1_4' title='bbox 1117 543 1423 603; x_wconf 83' lang='lat' dir='ltr'>millesimo</span> <span class='ocrx_word' id='word_1_5' title='bbox 1470 553 1613 603; x_wconf 78' lang='lat' dir='ltr'>.ccc‘!</span> <span class='ocrx_word' id='word_1_6' title='bbox 1657 543 1843 618; x_wconf 77' lang='lat' dir='ltr'>xxvij‘!</span> <span class='ocrx_word' id='word_1_7' title='bbox 1890 552 1946 601; x_wconf 90' lang='lat' dir='ltr'>et</span> <span class='ocrx_word' id='word_1_8' title='bbox 2009 543 2253 620; x_wconf 62' lang='lat' dir='ltr'>,xxviijv&#39;</span> <span class='ocrx_word' id='word_1_9' title='bbox 2299 544 2391 602; x_wconf 86' lang='lat' dir='ltr'>die</span> <span class='ocrx_word' id='word_1_10' title='bbox 2457 544 2667 602; x_wconf 81' lang='lat' dir='ltr'>mensis</span> <span class='ocrx_word' id='word_1_11' title='bbox 2733 542 2959 618; x_wconf 82' lang='lat' dir='ltr'>Aprilis</span> 
     </span>
    </p>

    <p class='ocr_par' dir='ltr' id='par_1_3' title="bbox 390 645 2958 821">
     <span class='ocr_line' id='line_1_3' title="bbox 390 645 2958 721; baseline -0.002 -17"><span class='ocrx_word' id='word_1_12' title='bbox 390 668 425 717; x_wconf 61' lang='lat' dir='ltr'><em>ss</em></span> <span class='ocrx_word' id='word_1_13' title='bbox 578 646 796 721; x_wconf 79' lang='lat' dir='ltr'>Recepi</span> <span class='ocrx_word' id='word_1_14' title='bbox 846 665 953 719; x_wconf 89' lang='lat' dir='ltr'>ego</span> <span class='ocrx_word' id='word_1_15' title='bbox 999 646 1068 703; x_wconf 99' lang='grc' dir='ltr'>Β.</span> <span class='ocrx_word' id='word_1_16' title='bbox 1112 647 1183 703; x_wconf 86' lang='grc'>(16</span> <span class='ocrx_word' id='word_1_17' title='bbox 1228 645 1450 705; x_wconf 90' lang='lat' dir='ltr'>Ortolis</span> <span class='ocrx_word' id='word_1_18' title='bbox 1495 646 1652 703; x_wconf 88' lang='lat' dir='ltr'>solus</span> <span class='ocrx_word' id='word_1_19' title='bbox 1697 665 1732 702; x_wconf 86' lang='lat' dir='ltr'><strong>a</strong></span> <span class='ocrx_word' id='word_1_20' title='bbox 1779 647 1893 702; x_wconf 80' lang='grc' dir='ltr'>(1ῆο</span> <span class='ocrx_word' id='word_1_21' title='bbox 1962 645 2169 702; x_wconf 87' lang='lat' dir='ltr'>Elawo</span> <span class='ocrx_word' id='word_1_22' title='bbox 2236 646 2675 721; x_wconf 82' lang='lat' dir='ltr'>archiepiscopo</span> <span class='ocrx_word' id='word_1_23' title='bbox 2740 645 2958 702; x_wconf 86' lang='lat' dir='ltr'>Nidro-</span> 
     </span>
     <span class='ocr_line' id='line_1_4' title="bbox 579 743 2958 821; baseline -0.003 -17"><span class='ocrx_word' id='word_1_24' title='bbox 579 746 748 805; x_wconf 87' lang='lat' dir='ltr'>siensi</span> <span class='ocrx_word' id='word_1_25' title='bbox 796 747 867 802; x_wconf 87' lang='lat' dir='ltr'>de</span> <span class='ocrx_word' id='word_1_26' title='bbox 913 747 1148 804; x_wconf 87' lang='lat' dir='ltr'>denario</span> <span class='ocrx_word' id='word_1_27' title='bbox 1194 747 1377 805; x_wconf 84' lang='lat' dir='ltr'>sancti</span> <span class='ocrx_word' id='word_1_28' title='bbox 1425 744 1603 819; x_wconf 84' lang='lat' dir='ltr'>Petrj.</span> <span class='ocrx_word' id='word_1_29' title='bbox 1664 745 1936 803; x_wconf 87' lang='lat' dir='ltr'>videlicet</span> <span class='ocrx_word' id='word_1_30' title='bbox 2003 765 2108 821; x_wconf 91' lang='lat' dir='ltr'>pro</span> <span class='ocrx_word' id='word_1_31' title='bbox 2175 746 2514 821; x_wconf 87' lang='lat' dir='ltr'>episcopatu</span> <span class='ocrx_word' id='word_1_32' title='bbox 2559 743 2958 803; x_wconf 86' lang='lat' dir='ltr'>Nidrosienisi.</span> 
     </span>
    </p>

    <p class='ocr_par' dir='ltr' id='par_1_4' title="bbox 579 845 2961 1426">
     <span class='ocr_line' id='line_1_5' title="bbox 581 845 2958 922; baseline -0.002 -19"><span class='ocrx_word' id='word_1_33' title='bbox 581 848 651 903; x_wconf 90' lang='lat' dir='ltr'>de</span> <span class='ocrx_word' id='word_1_34' title='bbox 699 848 924 903; x_wconf 88' lang='lat' dir='ltr'>duobus</span> <span class='ocrx_word' id='word_1_35' title='bbox 963 848 1127 905; x_wconf 85' lang='lat' dir='ltr'>annis</span> <span class='ocrx_word' id='word_1_36' title='bbox 1175 847 1310 922; x_wconf 77' lang='lat' dir='ltr'>.liiij.</span> <span class='ocrx_word' id='word_1_37' title='bbox 1357 866 1531 903; x_wconf 84' lang='lat' dir='ltr'>marc.</span> <span class='ocrx_word' id='word_1_38' title='bbox 1583 865 1762 920; x_wconf 79' lang='lat' dir='ltr'>parue</span> <span class='ocrx_word' id='word_1_39' title='bbox 1799 846 2062 920; x_wconf 89' lang='lat' dir='ltr'>pecunie.</span> <span class='ocrx_word' id='word_1_40' title='bbox 2149 847 2296 902; x_wconf 81' lang='lat' dir='ltr'>Item</span> <span class='ocrx_word' id='word_1_41' title='bbox 2322 864 2428 919; x_wconf 92' lang='lat' dir='ltr'>pro</span> <span class='ocrx_word' id='word_1_42' title='bbox 2453 845 2792 921; x_wconf 84' lang='lat' dir='ltr'>episcopatu</span> <span class='ocrx_word' id='word_1_43' title='bbox 2817 845 2958 900; x_wconf 86' lang='lat' dir='ltr'>Ber-</span> 
     </span>
     <span class='ocr_line' id='line_1_6' title="bbox 579 946 2960 1022; baseline -0.001 -19"><span class='ocrx_word' id='word_1_44' title='bbox 579 947 759 1022; x_wconf 89' lang='lat' dir='ltr'>gensi.</span> <span class='ocrx_word' id='word_1_45' title='bbox 809 947 880 1004; x_wconf 90' lang='grc'>(16</span> <span class='ocrx_word' id='word_1_46' title='bbox 924 948 1106 1005; x_wconf 88' lang='lat' dir='ltr'>tribus</span> <span class='ocrx_word' id='word_1_47' title='bbox 1150 949 1316 1006; x_wconf 85' lang='lat' dir='ltr'>annis</span> <span class='ocrx_word' id='word_1_48' title='bbox 1362 966 1474 1005; x_wconf 83' lang='lat' dir='ltr'>.xc.</span> <span class='ocrx_word' id='word_1_49' title='bbox 1522 965 1747 1004; x_wconf 85' lang='lat' dir='ltr'>marcas</span> <span class='ocrx_word' id='word_1_50' title='bbox 1792 965 1973 1022; x_wconf 83' lang='lat' dir='ltr'>parue</span> <span class='ocrx_word' id='word_1_51' title='bbox 2018 946 2279 1021; x_wconf 88' lang='lat' dir='ltr'>pecunie.</span> <span class='ocrx_word' id='word_1_52' title='bbox 2382 946 2527 1002; x_wconf 86' lang='lat' dir='ltr'>Item</span> <span class='ocrx_word' id='word_1_53' title='bbox 2586 965 2691 1021; x_wconf 91' lang='lat' dir='ltr'>pro</span> <span class='ocrx_word' id='word_1_54' title='bbox 2737 946 2960 1020; x_wconf 87' lang='lat' dir='ltr'>episco-</span> 
     </span>
     <span class='ocr_line' id='line_1_7' title="bbox 581 1023 2961 1122; baseline -0.001 -18"><span class='ocrx_word' id='word_1_55' title='bbox 581 1023 743 1122; x_wconf 47' lang='lat' dir='ltr'>petu‘</span> <span class='ocrx_word' id='word_1_56' title='bbox 798 1048 1159 1106; x_wconf 86' lang='lat' dir='ltr'>Scalothensi</span> <span class='ocrx_word' id='word_1_57' title='bbox 1230 1049 1285 1104; x_wconf 93' lang='lat' dir='ltr'>in</span> <span class='ocrx_word' id='word_1_58' title='bbox 1356 1046 1643 1105; x_wconf 84' lang='lat' dir='ltr'>Yslandia</span> <span class='ocrx_word' id='word_1_59' title='bbox 1707 1047 1777 1103; x_wconf 90' lang='lat' dir='ltr'>de</span> <span class='ocrx_word' id='word_1_60' title='bbox 1850 1054 1982 1103; x_wconf 90' lang='lat' dir='ltr'>octo</span> <span class='ocrx_word' id='word_1_61' title='bbox 2058 1047 2222 1105; x_wconf 84' lang='lat' dir='ltr'>annis</span> <span class='ocrx_word' id='word_1_62' title='bbox 2303 1046 2396 1104; x_wconf 82' lang='lat' dir='ltr'>,xl.</span> <span class='ocrx_word' id='word_1_63' title='bbox 2475 1066 2702 1104; x_wconf 81' lang='lat' dir='ltr'>marcas</span> <span class='ocrx_word' id='word_1_64' title='bbox 2779 1065 2961 1122; x_wconf 85' lang='lat' dir='ltr'>parue</span> 
     </span>
     <span class='ocr_line' id='line_1_8' title="bbox 580 1118 2958 1224; baseline -0.001 -20"><span class='ocrx_word' id='word_1_65' title='bbox 580 1157 824 1205; x_wconf 87' lang='lat' dir='ltr'>monete.</span> <span class='ocrx_word' id='word_1_66' title='bbox 913 1118 1595 1224; x_wconf 55' lang='lat' dir='ltr'>Itemfflu</span> <span class='ocrx_word' id='word_1_67' title='bbox 1640 1147 1903 1203; x_wconf 85' lang='lat' dir='ltr'>Farensi.</span> <span class='ocrx_word' id='word_1_68' title='bbox 1950 1147 2020 1202; x_wconf 92' lang='grc'>(16</span> <span class='ocrx_word' id='word_1_69' title='bbox 2067 1146 2199 1221; x_wconf 61' lang='lat' dir='ltr'>xiij.</span> <span class='ocrx_word' id='word_1_70' title='bbox 2224 1148 2388 1205; x_wconf 81' lang='lat' dir='ltr'>annis</span> <span class='ocrx_word' id='word_1_71' title='bbox 2411 1147 2506 1204; x_wconf 87' lang='lat' dir='ltr'>.ix.</span> <span class='ocrx_word' id='word_1_72' title='bbox 2530 1166 2755 1204; x_wconf 84' lang='lat' dir='ltr'>marcas</span> <span class='ocrx_word' id='word_1_73' title='bbox 2778 1166 2958 1220; x_wconf 86' lang='lat' dir='ltr'>parue</span> 
     </span>
     <span class='ocr_line' id='line_1_9' title="bbox 579 1223 2958 1324; baseline -0.001 -20"><span class='ocrx_word' id='word_1_74' title='bbox 579 1258 824 1307; x_wconf 88' lang='lat' dir='ltr'>monete.</span> <span class='ocrx_word' id='word_1_75' title='bbox 911 1250 1058 1307; x_wconf 87' lang='lat' dir='ltr'>Item</span> <span class='ocrx_word' id='word_1_76' title='bbox 1126 1269 1230 1324; x_wconf 91' lang='lat' dir='ltr'>pro</span> <span class='ocrx_word' id='word_1_77' title='bbox 1298 1223 2120 1323; x_wconf 57' lang='lat' dir='ltr'>efflangrensi</span> <span class='ocrx_word' id='word_1_78' title='bbox 2187 1249 2256 1304; x_wconf 90' lang='lat' dir='ltr'>de</span> <span class='ocrx_word' id='word_1_79' title='bbox 2323 1247 2506 1305; x_wconf 86' lang='lat' dir='ltr'>tribus</span> <span class='ocrx_word' id='word_1_80' title='bbox 2556 1247 2720 1306; x_wconf 86' lang='lat' dir='ltr'>annis</span> <span class='ocrx_word' id='word_1_81' title='bbox 2762 1246 2958 1321; x_wconf 60' lang='lat' dir='ltr'>xxxij.</span> 
     </span>
     <span class='ocr_line' id='line_1_10' title="bbox 580 1328 2959 1426; baseline 0 -22"><span class='ocrx_word' id='word_1_82' title='bbox 580 1368 806 1407; x_wconf 85' lang='lat' dir='ltr'>marcas</span> <span class='ocrx_word' id='word_1_83' title='bbox 851 1370 1031 1426; x_wconf 84' lang='lat' dir='ltr'>parue</span> <span class='ocrx_word' id='word_1_84' title='bbox 1077 1358 1323 1407; x_wconf 89' lang='lat' dir='ltr'>monete.</span> <span class='ocrx_word' id='word_1_85' title='bbox 1436 1348 1675 1407; x_wconf 88' lang='lat' dir='ltr'>Summa</span> <span class='ocrx_word' id='word_1_86' title='bbox 1742 1328 2131 1405; x_wconf 61' lang='lat' dir='ltr'>assendit—‹le</span> <span class='ocrx_word' id='word_1_87' title='bbox 2198 1348 2462 1406; x_wconf 91' lang='lat' dir='ltr'>omnibus</span> <span class='ocrx_word' id='word_1_88' title='bbox 2530 1347 2959 1423; x_wconf 86' lang='lat' dir='ltr'>episcopatibus</span> 
     </span>
    </p>
   </div>
   <div class='ocr_carea' id='block_1_3' title="bbox 581 1448 2624 1524">
    <p class='ocr_par' dir='ltr' id='par_1_5' title="bbox 581 1448 2624 1524">
     <span class='ocr_line' id='line_1_11' title="bbox 581 1448 2624 1524; baseline 0 -18"><span class='ocrx_word' id='word_1_89' title='bbox 581 1451 926 1524; x_wconf 82' lang='lat' dir='ltr'>supradictis</span> <span class='ocrx_word' id='word_1_90' title='bbox 982 1481 1063 1488; x_wconf 94' lang='lat'>—</span> <span class='ocrx_word' id='word_1_91' title='bbox 1112 1451 1186 1507; x_wconf 90' lang='lat' dir='ltr'>ad</span> <span class='ocrx_word' id='word_1_92' title='bbox 1232 1448 1312 1523; x_wconf 74' lang='lat' dir='ltr'>.ij‘i</span> <span class='ocrx_word' id='word_1_93' title='bbox 1357 1467 1497 1507; x_wconf 86' lang='lat' dir='ltr'><strong>xxv.</strong></span> <span class='ocrx_word' id='word_1_94' title='bbox 1545 1467 1772 1506; x_wconf 86' lang='lat' dir='ltr'>marcas</span> <span class='ocrx_word' id='word_1_95' title='bbox 1813 1467 1993 1522; x_wconf 85' lang='lat' dir='ltr'>parue</span> <span class='ocrx_word' id='word_1_96' title='bbox 2040 1458 2267 1506; x_wconf 89' lang='lat' dir='ltr'>monete</span> <span class='ocrx_word' id='word_1_97' title='bbox 2312 1449 2624 1507; x_wconf 85' lang='lat' dir='ltr'>Noricane.</span> 
     </span>
    </p>
   </div>
   <div class='ocr_carea' id='block_1_4' title="bbox 2614 818 2858 831">
    <p class='ocr_par' dir='ltr' id='par_1_6' title="bbox 2614 818 2858 831">
     <span class='ocr_line' id='line_1_12' title="bbox 2614 818 2858 831; baseline 0 4530"><span class='ocrx_word' id='word_1_98' title='bbox 2614 818 2858 831; x_wconf 95' lang='lat' dir='ltr'> </span> 
     </span>
    </p>
   </div>
   <div class='ocr_carea' id='block_1_5' title="bbox 820 1124 1067 1139">
    <p class='ocr_par' dir='ltr' id='par_1_7' title="bbox 820 1124 1067 1139">
     <span class='ocr_line' id='line_1_13' title="bbox 820 1124 1067 1139; baseline 0 4222"><span class='ocrx_word' id='word_1_99' title='bbox 820 1124 1067 1139; x_wconf 95' lang='lat' dir='ltr'> </span> 
     </span>
    </p>
   </div>
   <div class='ocr_carea' id='block_1_6' title="bbox 1545 1597 2907 1758">
    <p class='ocr_par' dir='ltr' id='par_1_8' title="bbox 1545 1597 2907 1758">
     <span class='ocr_line' id='line_1_14' title="bbox 1545 1597 2907 1675; baseline 0 -20"><span class='ocrx_word' id='word_1_100' title='bbox 1545 1597 1668 1672; x_wconf 65' lang='lat' dir='ltr'>.iiijc.</span> <span class='ocrx_word' id='word_1_101' title='bbox 1713 1598 1825 1672; x_wconf 79' lang='lat' dir='ltr'>,xij.</span> <span class='ocrx_word' id='word_1_102' title='bbox 1872 1618 2048 1657; x_wconf 84' lang='lat' dir='ltr'>marc.</span> <span class='ocrx_word' id='word_1_103' title='bbox 2097 1619 2278 1675; x_wconf 83' lang='lat' dir='ltr'>parue</span> <span class='ocrx_word' id='word_1_104' title='bbox 2323 1607 2551 1656; x_wconf 85' lang='lat' dir='ltr'>monete</span> <span class='ocrx_word' id='word_1_105' title='bbox 2594 1597 2907 1658; x_wconf 87' lang='lat' dir='ltr'>Noricane.</span> 
     </span>
     <span class='ocr_line' id='line_1_15' title="bbox 1545 1682 2526 1758; baseline 0.004 -20"><span class='ocrx_word' id='word_1_106' title='bbox 1545 1683 1636 1757; x_wconf 85' lang='lat' dir='ltr'>.xj.</span> <span class='ocrx_word' id='word_1_107' title='bbox 1681 1682 1786 1741; x_wconf 92' lang='lat' dir='ltr'>sol.</span> <span class='ocrx_word' id='word_1_108' title='bbox 1830 1703 1884 1741; x_wconf 90' lang='lat' dir='ltr'>v.</span> <span class='ocrx_word' id='word_1_109' title='bbox 1931 1684 2059 1740; x_wconf 88' lang='lat' dir='ltr'>den.</span> <span class='ocrx_word' id='word_1_110' title='bbox 2103 1684 2526 1758; x_wconf 82' lang='lat' dir='ltr'>sterlingorum.</span> 
     </span>
    </p>
   </div>
   <div class='ocr_carea' id='block_1_7' title="bbox 381 1588 2959 2264">
    <p class='ocr_par' dir='ltr' id='par_1_9' title="bbox 706 1588 1526 1743">
     <span class='ocr_line' id='line_1_16' title="bbox 706 1588 1526 1743; baseline 0 -53"><span class='ocrx_word' id='word_1_111' title='bbox 706 1630 837 1708; x_wconf 65' lang='grc' dir='ltr'>[αμ]</span> <span class='ocrx_word' id='word_1_112' title='bbox 956 1635 1196 1694; x_wconf 89' lang='lat' dir='ltr'>Summa</span> <span class='ocrx_word' id='word_1_113' title='bbox 1258 1588 1526 1743; x_wconf 68' lang='lat' dir='ltr'>pagine{</span> 
     </span>
    </p>

    <p class='ocr_par' dir='ltr' id='par_1_10' title="bbox 381 1882 2959 2264">
     <span class='ocr_line' id='line_1_17' title="bbox 381 1882 2957 1962; baseline -0 -20"><span class='ocrx_word' id='word_1_114' title='bbox 381 1913 576 1952; x_wconf 71' lang='lat' dir='ltr'>f01‚5‚„,</span> <span class='ocrx_word' id='word_1_115' title='bbox 750 1886 927 1943; x_wconf 91' lang='lat' dir='ltr'>Anno</span> <span class='ocrx_word' id='word_1_116' title='bbox 970 1906 1087 1961; x_wconf 92' lang='lat' dir='ltr'>quo</span> <span class='ocrx_word' id='word_1_117' title='bbox 1131 1905 1309 1960; x_wconf 81' lang='lat' dir='ltr'>supra</span> <span class='ocrx_word' id='word_1_118' title='bbox 1353 1895 1409 1943; x_wconf 86' lang='lat' dir='ltr'>et</span> <span class='ocrx_word' id='word_1_119' title='bbox 1454 1882 1649 1959; x_wconf 70' lang='lat' dir='ltr'>‚xxiij³?</span> <span class='ocrx_word' id='word_1_120' title='bbox 1688 1886 1780 1942; x_wconf 89' lang='lat' dir='ltr'>die</span> <span class='ocrx_word' id='word_1_121' title='bbox 1825 1885 2035 1942; x_wconf 84' lang='lat' dir='ltr'>mensis</span> <span class='ocrx_word' id='word_1_122' title='bbox 2105 1884 2238 1959; x_wconf 88' lang='lat' dir='ltr'>Iulij</span> <span class='ocrx_word' id='word_1_123' title='bbox 2290 1886 2510 1960; x_wconf 87' lang='lat' dir='ltr'>Recepi</span> <span class='ocrx_word' id='word_1_124' title='bbox 2576 1904 2684 1962; x_wconf 89' lang='lat' dir='ltr'>ego</span> <span class='ocrx_word' id='word_1_125' title='bbox 2749 1885 2819 1942; x_wconf 93' lang='grc' dir='ltr'>Β.</span> <span class='ocrx_word' id='word_1_126' title='bbox 2885 1885 2957 1942; x_wconf 89' lang='grc'>(16</span> 
     </span>
     <span class='ocr_line' id='line_1_18' title="bbox 580 1985 2959 2062; baseline -0 -18"><span class='ocrx_word' id='word_1_127' title='bbox 580 1985 801 2044; x_wconf 89' lang='lat' dir='ltr'>Ortolis</span> <span class='ocrx_word' id='word_1_128' title='bbox 845 1986 1003 2045; x_wconf 89' lang='lat' dir='ltr'>solus</span> <span class='ocrx_word' id='word_1_129' title='bbox 1049 2007 1083 2043; x_wconf 85' lang='lat' dir='ltr'>a</span> <span class='ocrx_word' id='word_1_130' title='bbox 1127 1987 1401 2062; x_wconf 83' lang='lat' dir='ltr'>magistro</span> <span class='ocrx_word' id='word_1_131' title='bbox 1448 1985 1701 2045; x_wconf 84' lang='lat' dir='ltr'>Saluone</span> <span class='ocrx_word' id='word_1_132' title='bbox 1748 1986 2030 2043; x_wconf 87' lang='lat' dir='ltr'>canonico</span> <span class='ocrx_word' id='word_1_133' title='bbox 2075 1985 2372 2062; x_wconf 85' lang='lat' dir='ltr'>Bergensi.</span> <span class='ocrx_word' id='word_1_134' title='bbox 2417 1987 2488 2043; x_wconf 90' lang='lat' dir='ltr'>de</span> <span class='ocrx_word' id='word_1_135' title='bbox 2514 1986 2750 2043; x_wconf 86' lang='lat' dir='ltr'>denario</span> <span class='ocrx_word' id='word_1_136' title='bbox 2773 1986 2959 2043; x_wconf 86' lang='lat' dir='ltr'>sancti</span> 
     </span>
     <span class='ocr_line' id='line_1_19' title="bbox 578 2086 2958 2163; baseline 0 -21"><span class='ocrx_word' id='word_1_137' title='bbox 578 2086 738 2143; x_wconf 88' lang='lat' dir='ltr'>Petri</span> <span class='ocrx_word' id='word_1_138' title='bbox 765 2087 1133 2163; x_wconf 85' lang='lat' dir='ltr'>episcopatus</span> <span class='ocrx_word' id='word_1_139' title='bbox 1160 2086 1469 2162; x_wconf 86' lang='lat' dir='ltr'>Bergensis</span> <span class='ocrx_word' id='word_1_140' title='bbox 1497 2107 1599 2161; x_wconf 92' lang='lat' dir='ltr'>pro</span> <span class='ocrx_word' id='word_1_141' title='bbox 1633 2106 1747 2144; x_wconf 90' lang='lat' dir='ltr'>vno</span> <span class='ocrx_word' id='word_1_142' title='bbox 1783 2107 1932 2144; x_wconf 84' lang='lat' dir='ltr'>anno</span> <span class='ocrx_word' id='word_1_143' title='bbox 1957 2116 2037 2124; x_wconf 88' lang='lat'>—</span> <span class='ocrx_word' id='word_1_144' title='bbox 2062 2107 2218 2144; x_wconf 84' lang='lat' dir='ltr'>.xxx.</span> <span class='ocrx_word' id='word_1_145' title='bbox 2241 2107 2467 2145; x_wconf 85' lang='lat' dir='ltr'>marcas</span> <span class='ocrx_word' id='word_1_146' title='bbox 2488 2107 2672 2163; x_wconf 84' lang='lat' dir='ltr'>parue</span> <span class='ocrx_word' id='word_1_147' title='bbox 2695 2086 2958 2162; x_wconf 87' lang='lat' dir='ltr'>pecunie.</span> 
     </span>
     <span class='ocr_line' id='line_1_20' title="bbox 745 2188 2957 2264; baseline 0 -20"><span class='ocrx_word' id='word_1_148' title='bbox 745 2189 921 2245; x_wconf 90' lang='lat' dir='ltr'>Anno</span> <span class='ocrx_word' id='word_1_149' title='bbox 966 2208 1083 2263; x_wconf 89' lang='lat' dir='ltr'>quo</span> <span class='ocrx_word' id='word_1_150' title='bbox 1128 2207 1306 2263; x_wconf 88' lang='lat' dir='ltr'>supra</span> <span class='ocrx_word' id='word_1_151' title='bbox 1343 2197 1398 2245; x_wconf 89' lang='lat' dir='ltr'>et</span> <span class='ocrx_word' id='word_1_152' title='bbox 1444 2208 1515 2245; x_wconf 87' lang='lat' dir='ltr'>.v.</span> <span class='ocrx_word' id='word_1_153' title='bbox 1561 2188 1652 2245; x_wconf 91' lang='lat' dir='ltr'>die</span> <span class='ocrx_word' id='word_1_154' title='bbox 1698 2189 1910 2246; x_wconf 88' lang='lat' dir='ltr'>mensis</span> <span class='ocrx_word' id='word_1_155' title='bbox 1966 2189 2224 2263; x_wconf 87' lang='lat' dir='ltr'>Augusti</span> <span class='ocrx_word' id='word_1_156' title='bbox 2288 2189 2507 2263; x_wconf 84' lang='lat' dir='ltr'>Recepi</span> <span class='ocrx_word' id='word_1_157' title='bbox 2577 2208 2685 2264; x_wconf 89' lang='lat' dir='ltr'>ego</span> <span class='ocrx_word' id='word_1_158' title='bbox 2752 2189 2821 2245; x_wconf 92' lang='lat' dir='ltr'>B.</span> <span class='ocrx_word' id='word_1_159' title='bbox 2886 2188 2957 2244; x_wconf 89' lang='lat' dir='ltr'>de</span> 
     </span>
    </p>
   </div>
   <div class='ocr_carea' id='block_1_8' title="bbox 1206 2156 1471 2175">
    <p class='ocr_par' dir='ltr' id='par_1_11' title="bbox 1206 2156 1471 2175">
     <span class='ocr_line' id='line_1_21' title="bbox 1206 2156 1471 2175; baseline 0 3186"><span class='ocrx_word' id='word_1_160' title='bbox 1206 2156 1471 2175; x_wconf 95' lang='lat' dir='ltr'> </span> 
     </span>
    </p>
   </div>
   <div class='ocr_carea' id='block_1_9' title="bbox 500 2288 2962 3981">
    <p class='ocr_par' dir='ltr' id='par_1_12' title="bbox 577 2288 2957 2466">
     <span class='ocr_line' id='line_1_22' title="bbox 580 2288 2957 2365; baseline -0.001 -18"><span class='ocrx_word' id='word_1_161' title='bbox 580 2288 797 2347; x_wconf 82' lang='lat' dir='ltr'>Ortolis</span> <span class='ocrx_word' id='word_1_162' title='bbox 842 2289 999 2347; x_wconf 90' lang='lat' dir='ltr'>solus</span> <span class='ocrx_word' id='word_1_163' title='bbox 1046 2291 1115 2346; x_wconf 88' lang='lat' dir='ltr'>de</span> <span class='ocrx_word' id='word_1_164' title='bbox 1162 2290 1398 2347; x_wconf 86' lang='lat' dir='ltr'>denario</span> <span class='ocrx_word' id='word_1_165' title='bbox 1441 2289 1623 2347; x_wconf 85' lang='lat' dir='ltr'>sancti</span> <span class='ocrx_word' id='word_1_166' title='bbox 1683 2290 1845 2346; x_wconf 87' lang='lat' dir='ltr'>Petri</span> <span class='ocrx_word' id='word_1_167' title='bbox 1908 2290 2277 2365; x_wconf 88' lang='lat' dir='ltr'>episcopatus</span> <span class='ocrx_word' id='word_1_168' title='bbox 2340 2288 2787 2363; x_wconf 80' lang='lat' dir='ltr'>Stauangrensis</span> <span class='ocrx_word' id='word_1_169' title='bbox 2850 2307 2957 2363; x_wconf 89' lang='lat' dir='ltr'>pro</span> 
     </span>
     <span class='ocr_line' id='line_1_23' title="bbox 577 2364 2733 2466; baseline 0 -21"><span class='ocrx_word' id='word_1_170' title='bbox 577 2408 690 2446; x_wconf 90' lang='lat' dir='ltr'>vno</span> <span class='ocrx_word' id='word_1_171' title='bbox 731 2409 884 2447; x_wconf 86' lang='lat' dir='ltr'>anno</span> <span class='ocrx_word' id='word_1_172' title='bbox 927 2417 1010 2426; x_wconf 93' lang='lat'>--</span> <span class='ocrx_word' id='word_1_173' title='bbox 1058 2391 1194 2464; x_wconf 81' lang='lat' dir='ltr'>,xiij.</span> <span class='ocrx_word' id='word_1_174' title='bbox 1238 2410 1462 2449; x_wconf 86' lang='lat' dir='ltr'>marcas</span> <span class='ocrx_word' id='word_1_175' title='bbox 1506 2409 1686 2465; x_wconf 85' lang='lat' dir='ltr'>parue</span> <span class='ocrx_word' id='word_1_176' title='bbox 1731 2390 1993 2466; x_wconf 90' lang='lat' dir='ltr'>pecunie.</span> <span class='ocrx_word' id='word_1_177' title='bbox 2379 2364 2733 2381; x_wconf 49' lang='lat' dir='ltr'>W</span> 
     </span>
    </p>

    <p class='ocr_par' dir='ltr' id='par_1_13' title="bbox 577 2490 2959 3170">
     <span class='ocr_line' id='line_1_24' title="bbox 745 2490 2958 2567; baseline -0 -21"><span class='ocrx_word' id='word_1_178' title='bbox 745 2490 920 2548; x_wconf 88' lang='lat' dir='ltr'>Anno</span> <span class='ocrx_word' id='word_1_179' title='bbox 966 2510 1081 2566; x_wconf 92' lang='lat' dir='ltr'>quo</span> <span class='ocrx_word' id='word_1_180' title='bbox 1139 2511 1317 2567; x_wconf 86' lang='lat' dir='ltr'>supra</span> <span class='ocrx_word' id='word_1_181' title='bbox 1382 2500 1439 2547; x_wconf 89' lang='lat' dir='ltr'>et</span> <span class='ocrx_word' id='word_1_182' title='bbox 1498 2490 1640 2564; x_wconf 35' lang='lat' dir='ltr'>‘quaa</span> <span class='ocrx_word' id='word_1_183' title='bbox 1694 2490 1785 2547; x_wconf 89' lang='lat' dir='ltr'>die</span> <span class='ocrx_word' id='word_1_184' title='bbox 1831 2492 2039 2549; x_wconf 87' lang='lat' dir='ltr'>mensis</span> <span class='ocrx_word' id='word_1_185' title='bbox 2079 2490 2333 2566; x_wconf 87' lang='lat' dir='ltr'>Augusti</span> <span class='ocrx_word' id='word_1_186' title='bbox 2378 2491 2570 2566; x_wconf 88' lang='lat' dir='ltr'>recepi</span> <span class='ocrx_word' id='word_1_187' title='bbox 2618 2509 2725 2565; x_wconf 90' lang='lat' dir='ltr'>ego</span> <span class='ocrx_word' id='word_1_188' title='bbox 2771 2491 2840 2547; x_wconf 91' lang='grc' dir='ltr'>Β.</span> <span class='ocrx_word' id='word_1_189' title='bbox 2887 2490 2958 2546; x_wconf 85' lang='grc'>(16</span> 
     </span>
     <span class='ocr_line' id='line_1_25' title="bbox 578 2589 2958 2668; baseline -0.002 -18"><span class='ocrx_word' id='word_1_190' title='bbox 578 2590 796 2650; x_wconf 87' lang='lat' dir='ltr'>Ortolis</span> <span class='ocrx_word' id='word_1_191' title='bbox 841 2612 875 2647; x_wconf 82' lang='lat' dir='ltr'>a</span> <span class='ocrx_word' id='word_1_192' title='bbox 920 2592 1034 2650; x_wconf 81' lang='grc' dir='ltr'>(1ῇο</span> <span class='ocrx_word' id='word_1_193' title='bbox 1080 2591 1513 2666; x_wconf 83' lang='lat' dir='ltr'>archiepiscopo</span> <span class='ocrx_word' id='word_1_194' title='bbox 1558 2591 1917 2649; x_wconf 87' lang='lat' dir='ltr'>Nidrosiensi</span> <span class='ocrx_word' id='word_1_195' title='bbox 1965 2611 2069 2668; x_wconf 91' lang='lat' dir='ltr'>pro</span> <span class='ocrx_word' id='word_1_196' title='bbox 2115 2592 2351 2648; x_wconf 87' lang='lat' dir='ltr'>denario</span> <span class='ocrx_word' id='word_1_197' title='bbox 2396 2592 2580 2649; x_wconf 78' lang='lat' dir='ltr'>saneti</span> <span class='ocrx_word' id='word_1_198' title='bbox 2633 2591 2795 2648; x_wconf 88' lang='lat' dir='ltr'>Petri</span> <span class='ocrx_word' id='word_1_199' title='bbox 2838 2589 2958 2665; x_wconf 88' lang='lat' dir='ltr'>epi-</span> 
     </span>
     <span class='ocr_line' id='line_1_26' title="bbox 577 2692 2959 2769; baseline -0.001 -19"><span class='ocrx_word' id='word_1_200' title='bbox 577 2701 850 2767; x_wconf 88' lang='lat' dir='ltr'>scopatus</span> <span class='ocrx_word' id='word_1_201' title='bbox 896 2692 1406 2752; x_wconf 84' lang='lat' dir='ltr'>Grenellendensis</span> <span class='ocrx_word' id='word_1_202' title='bbox 1452 2693 1542 2768; x_wconf 85' lang='lat' dir='ltr'>.iij.</span> <span class='ocrx_word' id='word_1_203' title='bbox 1589 2694 1901 2769; x_wconf 83' lang='lat' dir='ltr'>lisponssos</span> <span class='ocrx_word' id='word_1_204' title='bbox 1947 2693 2215 2751; x_wconf 87' lang='lat' dir='ltr'>dencium</span> <span class='ocrx_word' id='word_1_205' title='bbox 2261 2694 2331 2749; x_wconf 90' lang='lat' dir='ltr'>de</span> <span class='ocrx_word' id='word_1_206' title='bbox 2375 2693 2604 2750; x_wconf 84' lang='lat' dir='ltr'>roardO.</span> <span class='ocrx_word' id='word_1_207' title='bbox 2670 2700 2803 2767; x_wconf 86' lang='lat' dir='ltr'>post</span> <span class='ocrx_word' id='word_1_208' title='bbox 2846 2711 2959 2768; x_wconf 90' lang='lat' dir='ltr'>que</span> 
     </span>
     <span class='ocr_line' id='line_1_27' title="bbox 577 2793 2959 2870; baseline 0.001 -22"><span class='ocrx_word' id='word_1_209' title='bbox 577 2812 729 2849; x_wconf 84' lang='lat' dir='ltr'>anno</span> <span class='ocrx_word' id='word_1_210' title='bbox 799 2812 915 2868; x_wconf 91' lang='lat' dir='ltr'>quo</span> <span class='ocrx_word' id='word_1_211' title='bbox 982 2814 1177 2869; x_wconf 85' lang='lat' dir='ltr'>supra.</span> <span class='ocrx_word' id='word_1_212' title='bbox 1222 2804 1278 2852; x_wconf 84' lang='lat' dir='ltr'>et</span> <span class='ocrx_word' id='word_1_213' title='bbox 1324 2794 1411 2870; x_wconf 90' lang='lat' dir='ltr'>.vj.</span> <span class='ocrx_word' id='word_1_214' title='bbox 1459 2794 1549 2850; x_wconf 88' lang='lat' dir='ltr'>die</span> <span class='ocrx_word' id='word_1_215' title='bbox 1595 2793 1804 2851; x_wconf 87' lang='lat' dir='ltr'>mensis</span> <span class='ocrx_word' id='word_1_216' title='bbox 1851 2794 2205 2868; x_wconf 85' lang='lat' dir='ltr'>Septembris</span> <span class='ocrx_word' id='word_1_217' title='bbox 2250 2793 2481 2850; x_wconf 88' lang='lat' dir='ltr'>vendidi</span> <span class='ocrx_word' id='word_1_218' title='bbox 2528 2794 2713 2850; x_wconf 81' lang='lat' dir='ltr'>dictos</span> <span class='ocrx_word' id='word_1_219' title='bbox 2759 2794 2959 2850; x_wconf 88' lang='lat' dir='ltr'>dentes</span> 
     </span>
     <span class='ocr_line' id='line_1_28' title="bbox 578 2892 2956 2970; baseline -0.001 -21"><span class='ocrx_word' id='word_1_220' title='bbox 578 2893 822 2950; x_wconf 86' lang='lat' dir='ltr'>Iohanni</span> <span class='ocrx_word' id='word_1_221' title='bbox 867 2894 1052 2970; x_wconf 88' lang='lat' dir='ltr'>Dipre</span> <span class='ocrx_word' id='word_1_222' title='bbox 1097 2896 1403 2954; x_wconf 86' lang='lat' dir='ltr'>mercatori</span> <span class='ocrx_word' id='word_1_223' title='bbox 1447 2897 1517 2952; x_wconf 88' lang='lat' dir='ltr'>de</span> <span class='ocrx_word' id='word_1_224' title='bbox 1542 2895 1838 2952; x_wconf 86' lang='lat' dir='ltr'>Flandria.</span> <span class='ocrx_word' id='word_1_225' title='bbox 1882 2895 2057 2951; x_wconf 86' lang='lat' dir='ltr'>habui</span> <span class='ocrx_word' id='word_1_226' title='bbox 2099 2914 2205 2969; x_wconf 88' lang='lat' dir='ltr'>pro</span> <span class='ocrx_word' id='word_1_227' title='bbox 2263 2894 2524 2968; x_wconf 90' lang='lat' dir='ltr'>quolibet</span> <span class='ocrx_word' id='word_1_228' title='bbox 2568 2893 2839 2968; x_wconf 53' lang='lat' dir='ltr'>*lisponti</span> <span class='ocrx_word' id='word_1_229' title='bbox 2884 2892 2956 2966; x_wconf 90' lang='lat' dir='ltr'>.ij.</span> 
     </span>
     <span class='ocr_line' id='line_1_29' title="bbox 582 2993 2956 3070; baseline 0 -19"><span class='ocrx_word' id='word_1_230' title='bbox 582 2993 699 3051; x_wconf 31' lang='lat' dir='ltr'>sol..</span> <span class='ocrx_word' id='word_1_231' title='bbox 735 2996 877 3051; x_wconf 84' lang='lat' dir='ltr'>Tur.</span> <span class='ocrx_word' id='word_1_232' title='bbox 926 2996 1166 3070; x_wconf 80' lang='lat' dir='ltr'>argenti.</span> <span class='ocrx_word' id='word_1_233' title='bbox 1212 2997 1528 3054; x_wconf 87' lang='lat' dir='ltr'>assendunt</span> <span class='ocrx_word' id='word_1_234' title='bbox 1571 2996 1708 3052; x_wconf 89' lang='lat' dir='ltr'>dicti</span> <span class='ocrx_word' id='word_1_235' title='bbox 1754 3007 1870 3053; x_wconf 87' lang='lat' dir='ltr'>tres</span> <span class='ocrx_word' id='word_1_236' title='bbox 1906 2995 2143 3070; x_wconf 85' lang='lat' dir='ltr'>lisponti</span> <span class='ocrx_word' id='word_1_237' title='bbox 2194 3024 2255 3032; x_wconf 89' lang='lat'>--</span> <span class='ocrx_word' id='word_1_238' title='bbox 2310 3015 2413 3052; x_wconf 85' lang='lat' dir='ltr'>sex</span> <span class='ocrx_word' id='word_1_239' title='bbox 2459 2994 2687 3052; x_wconf 71' lang='lat' dir='ltr'>solidos</span> <span class='ocrx_word' id='word_1_240' title='bbox 2735 2995 2956 3051; x_wconf 90' lang='lat' dir='ltr'>Turon.</span> 
     </span>
     <span class='ocr_line' id='line_1_30' title="bbox 577 3095 1610 3170; baseline -0.001 -18"><span class='ocrx_word' id='word_1_241' title='bbox 577 3095 819 3170; x_wconf 84' lang='lat' dir='ltr'>argentj.</span> <span class='ocrx_word' id='word_1_242' title='bbox 1607 3095 1610 3097; x_wconf 64' lang='grc'>’</span> 
     </span>
    </p>

    <p class='ocr_par' dir='ltr' id='par_1_14' title="bbox 576 3197 2962 3576">
     <span class='ocr_line' id='line_1_31' title="bbox 746 3197 2962 3273; baseline -0 -19"><span class='ocrx_word' id='word_1_243' title='bbox 746 3197 925 3254; x_wconf 89' lang='lat' dir='ltr'>Anno</span> <span class='ocrx_word' id='word_1_244' title='bbox 973 3215 1089 3273; x_wconf 92' lang='lat' dir='ltr'>quo</span> <span class='ocrx_word' id='word_1_245' title='bbox 1136 3217 1329 3273; x_wconf 89' lang='lat' dir='ltr'>supra.</span> <span class='ocrx_word' id='word_1_246' title='bbox 1376 3207 1432 3255; x_wconf 88' lang='lat' dir='ltr'>et</span> <span class='ocrx_word' id='word_1_247' title='bbox 1477 3205 1636 3255; x_wconf 57' lang='grc' dir='ltr'>,ΧΧΨ</span> <span class='ocrx_word' id='word_1_248' title='bbox 1692 3197 1784 3255; x_wconf 90' lang='lat' dir='ltr'>die</span> <span class='ocrx_word' id='word_1_249' title='bbox 1830 3197 2039 3255; x_wconf 87' lang='lat' dir='ltr'>mensis</span> <span class='ocrx_word' id='word_1_250' title='bbox 2066 3197 2420 3273; x_wconf 86' lang='lat' dir='ltr'>Septembris</span> <span class='ocrx_word' id='word_1_251' title='bbox 2463 3197 2812 3273; x_wconf 89' lang='lat' dir='ltr'>Recepimus</span> <span class='ocrx_word' id='word_1_252' title='bbox 2856 3216 2962 3253; x_wconf 88' lang='lat' dir='ltr'>nos</span> 
     </span>
     <span class='ocr_line' id='line_1_32' title="bbox 576 3296 2959 3375; baseline 0 -22"><span class='ocrx_word' id='word_1_253' title='bbox 576 3296 754 3354; x_wconf 86' lang='lat' dir='ltr'>frater</span> <span class='ocrx_word' id='word_1_254' title='bbox 794 3298 1085 3355; x_wconf 86' lang='lat' dir='ltr'>Iohannes</span> <span class='ocrx_word' id='word_1_255' title='bbox 1128 3298 1198 3356; x_wconf 90' lang='lat' dir='ltr'>de</span> <span class='ocrx_word' id='word_1_256' title='bbox 1224 3299 1459 3358; x_wconf 73' lang='lat' dir='ltr'>Sei-one.</span> <span class='ocrx_word' id='word_1_257' title='bbox 1509 3307 1566 3355; x_wconf 92' lang='lat' dir='ltr'>et</span> <span class='ocrx_word' id='word_1_258' title='bbox 1590 3318 1697 3375; x_wconf 89' lang='lat' dir='ltr'>ego</span> <span class='ocrx_word' id='word_1_259' title='bbox 1721 3299 2056 3356; x_wconf 72' lang='lat' dir='ltr'>Bernartius</span> <span class='ocrx_word' id='word_1_260' title='bbox 2091 3300 2160 3356; x_wconf 87' lang='lat' dir='ltr'>de</span> <span class='ocrx_word' id='word_1_261' title='bbox 2186 3298 2404 3357; x_wconf 88' lang='lat' dir='ltr'>Ortolis</span> <span class='ocrx_word' id='word_1_262' title='bbox 2427 3299 2598 3357; x_wconf 89' lang='lat' dir='ltr'>simul</span> <span class='ocrx_word' id='word_1_263' title='bbox 2628 3300 2699 3355; x_wconf 90' lang='lat' dir='ltr'>de</span> <span class='ocrx_word' id='word_1_264' title='bbox 2723 3298 2959 3368; x_wconf 84' lang='lat' dir='ltr'>denario</span> 
     </span>
     <span class='ocr_line' id='line_1_33' title="bbox 577 3387 2954 3475; baseline 0.001 -22"><span class='ocrx_word' id='word_1_265' title='bbox 577 3398 731 3454; x_wconf 83' lang='lat' dir='ltr'>beati</span> <span class='ocrx_word' id='word_1_266' title='bbox 774 3398 933 3455; x_wconf 85' lang='lat' dir='ltr'>Petri</span> <span class='ocrx_word' id='word_1_267' title='bbox 982 3401 1051 3456; x_wconf 91' lang='grc'>(16</span> <span class='ocrx_word' id='word_1_268' title='bbox 1097 3400 1437 3475; x_wconf 86' lang='lat' dir='ltr'>episcopatu</span> <span class='ocrx_word' id='word_1_269' title='bbox 1490 3400 1829 3468; x_wconf 87' lang='lat' dir='ltr'>Qrcadensi.</span> <span class='ocrx_word' id='word_1_270' title='bbox 1896 3387 1967 3456; x_wconf 87' lang='grc'>(16</span> <span class='ocrx_word' id='word_1_271' title='bbox 2034 3400 2261 3457; x_wconf 90' lang='lat' dir='ltr'>duobus</span> <span class='ocrx_word' id='word_1_272' title='bbox 2316 3400 2499 3457; x_wconf 82' lang='lat' dir='ltr'>annis.</span> <span class='ocrx_word' id='word_1_273' title='bbox 2565 3421 2601 3457; x_wconf 87' lang='lat' dir='ltr'>a</span> <span class='ocrx_word' id='word_1_274' title='bbox 2666 3402 2781 3456; x_wconf 83' lang='grc' dir='ltr'>(1ᾗο</span> <span class='ocrx_word' id='word_1_275' title='bbox 2835 3400 2954 3474; x_wconf 83' lang='grc' dir='ltr'>6ρί-</span> 
     </span>
     <span class='ocr_line' id='line_1_34' title="bbox 576 3498 2675 3576; baseline 0.001 -20"><span class='ocrx_word' id='word_1_276' title='bbox 576 3518 753 3574; x_wconf 89' lang='lat' dir='ltr'>scopo</span> <span class='ocrx_word' id='word_1_277' title='bbox 797 3498 1117 3557; x_wconf 86' lang='lat' dir='ltr'>Orcadensi</span> <span class='ocrx_word' id='word_1_278' title='bbox 1158 3529 1240 3537; x_wconf 93' lang='lat'>—</span> <span class='ocrx_word' id='word_1_279' title='bbox 1285 3501 1376 3557; x_wconf 87' lang='lat' dir='ltr'>.vi.</span> <span class='ocrx_word' id='word_1_280' title='bbox 1423 3500 1549 3557; x_wconf 83' lang='lat' dir='ltr'>libr.</span> <span class='ocrx_word' id='word_1_281' title='bbox 1596 3509 1651 3557; x_wconf 88' lang='lat' dir='ltr'>et</span> <span class='ocrx_word' id='word_1_282' title='bbox 1694 3501 1950 3576; x_wconf 89' lang='lat' dir='ltr'>quinque</span> <span class='ocrx_word' id='word_1_283' title='bbox 1994 3500 2210 3558; x_wconf 86' lang='lat' dir='ltr'>solidos</span> <span class='ocrx_word' id='word_1_284' title='bbox 2254 3500 2675 3576; x_wconf 84' lang='lat' dir='ltr'>sterlingorum.</span> 
     </span>
    </p>

    <p class='ocr_par' dir='ltr' id='par_1_15' title="bbox 745 3600 2954 3677">
     <span class='ocr_line' id='line_1_35' title="bbox 745 3600 2954 3677; baseline 0.001 -21"><span class='ocrx_word' id='word_1_285' title='bbox 745 3600 922 3658; x_wconf 88' lang='lat' dir='ltr'>Anno</span> <span class='ocrx_word' id='word_1_286' title='bbox 946 3602 1040 3677; x_wconf 78' lang='lat' dir='ltr'>dfij</span> <span class='ocrx_word' id='word_1_287' title='bbox 1069 3601 1369 3660; x_wconf 90' lang='lat' dir='ltr'>millesimo</span> <span class='ocrx_word' id='word_1_288' title='bbox 1394 3609 1539 3659; x_wconf 76' lang='lat' dir='ltr'>.ccc‘!</span> <span class='ocrx_word' id='word_1_289' title='bbox 1582 3601 1791 3676; x_wconf 73' lang='lat' dir='ltr'>xxviij‘!</span> <span class='ocrx_word' id='word_1_290' title='bbox 1816 3611 1872 3658; x_wconf 92' lang='lat' dir='ltr'>et</span> <span class='ocrx_word' id='word_1_291' title='bbox 1908 3602 2063 3676; x_wconf 74' lang='lat' dir='ltr'>.vij¹!‘⁰</span> <span class='ocrx_word' id='word_1_292' title='bbox 2087 3603 2178 3658; x_wconf 90' lang='lat' dir='ltr'>die</span> <span class='ocrx_word' id='word_1_293' title='bbox 2212 3603 2421 3660; x_wconf 86' lang='lat' dir='ltr'>mensis</span> <span class='ocrx_word' id='word_1_294' title='bbox 2452 3601 2589 3676; x_wconf 88' lang='lat' dir='ltr'>lunij</span> <span class='ocrx_word' id='word_1_295' title='bbox 2623 3603 2954 3677; x_wconf 89' lang='lat' dir='ltr'>Recepmus</span> 
     </span>
    </p>

    <p class='ocr_par' dir='ltr' id='par_1_16' title="bbox 500 3702 2953 3981">
     <span class='ocr_line' id='line_1_36' title="bbox 500 3702 2953 3763; baseline -0.002 0"><span class='ocrx_word' id='word_1_296' title='bbox 500 3754 506 3763; x_wconf 85' lang='lat'>.</span> <span class='ocrx_word' id='word_1_297' title='bbox 578 3720 682 3758; x_wconf 88' lang='lat' dir='ltr'>nos</span> <span class='ocrx_word' id='word_1_298' title='bbox 726 3702 900 3759; x_wconf 81' lang='lat' dir='ltr'>frater</span> <span class='ocrx_word' id='word_1_299' title='bbox 942 3703 1242 3760; x_wconf 81' lang='lat' dir='ltr'>Johanncs</span> <span class='ocrx_word' id='word_1_300' title='bbox 1288 3704 1357 3760; x_wconf 91' lang='grc'>(16</span> <span class='ocrx_word' id='word_1_301' title='bbox 1405 3703 1624 3762; x_wconf 89' lang='lat' dir='ltr'>Serone</span> <span class='ocrx_word' id='word_1_302' title='bbox 1669 3713 1726 3759; x_wconf 87' lang='lat' dir='ltr'>et</span> <span class='ocrx_word' id='word_1_303' title='bbox 1785 3703 1855 3760; x_wconf 93' lang='lat' dir='ltr'>B.</span> <span class='ocrx_word' id='word_1_304' title='bbox 1906 3705 1975 3760; x_wconf 87' lang='lat' dir='ltr'>de</span> <span class='ocrx_word' id='word_1_305' title='bbox 2022 3703 2256 3762; x_wconf 84' lang='lat' dir='ltr'>Ortolis.</span> <span class='ocrx_word' id='word_1_306' title='bbox 2303 3725 2338 3761; x_wconf 85' lang='lat' dir='ltr'><strong>a</strong></span> <span class='ocrx_word' id='word_1_307' title='bbox 2383 3705 2498 3761; x_wconf 81' lang='grc' dir='ltr'>(1ᾖο</span> <span class='ocrx_word' id='word_1_308' title='bbox 2542 3704 2733 3760; x_wconf 85' lang='lat' dir='ltr'>Paulo</span> <span class='ocrx_word' id='word_1_309' title='bbox 2780 3723 2953 3760; x_wconf 87' lang='lat' dir='ltr'>cano-</span> 
     </span>
     <span class='ocr_line' id='line_1_37' title="bbox 578 3802 2953 3881; baseline 0.001 -23"><span class='ocrx_word' id='word_1_310' title='bbox 578 3802 709 3860; x_wconf 91' lang='lat' dir='ltr'>nico</span> <span class='ocrx_word' id='word_1_311' title='bbox 756 3803 1038 3862; x_wconf 89' lang='lat' dir='ltr'>Osloensi.</span> <span class='ocrx_word' id='word_1_312' title='bbox 1081 3805 1150 3860; x_wconf 89' lang='lat' dir='ltr'>de</span> <span class='ocrx_word' id='word_1_313' title='bbox 1198 3804 1431 3861; x_wconf 82' lang='lat' dir='ltr'>denario</span> <span class='ocrx_word' id='word_1_314' title='bbox 1479 3805 1677 3878; x_wconf 82' lang='lat' dir='ltr'>Sancti</span> <span class='ocrx_word' id='word_1_315' title='bbox 1719 3804 1883 3862; x_wconf 85' lang='lat' dir='ltr'>Petri</span> <span class='ocrx_word' id='word_1_316' title='bbox 1928 3805 2295 3881; x_wconf 86' lang='lat' dir='ltr'>episcopatus</span> <span class='ocrx_word' id='word_1_317' title='bbox 2351 3804 2649 3864; x_wconf 90' lang='lat' dir='ltr'>Osloensis</span> <span class='ocrx_word' id='word_1_318' title='bbox 2689 3824 2794 3879; x_wconf 94' lang='lat' dir='ltr'>pro</span> <span class='ocrx_word' id='word_1_319' title='bbox 2840 3824 2953 3861; x_wconf 89' lang='lat' dir='ltr'>vno</span> 
     </span>
     <span class='ocr_line' id='line_1_38' title="bbox 578 3905 2160 3981; baseline 0.002 -21"><span class='ocrx_word' id='word_1_320' title='bbox 578 3923 731 3961; x_wconf 87' lang='lat' dir='ltr'>anno</span> <span class='ocrx_word' id='word_1_321' title='bbox 784 3932 847 3941; x_wconf 80' lang='lat'>--</span> <span class='ocrx_word' id='word_1_322' title='bbox 903 3905 1037 3980; x_wconf 87' lang='lat' dir='ltr'>.lxij.</span> <span class='ocrx_word' id='word_1_323' title='bbox 1082 3925 1306 3963; x_wconf 83' lang='lat' dir='ltr'>marcas</span> <span class='ocrx_word' id='word_1_324' title='bbox 1351 3925 1531 3981; x_wconf 83' lang='lat' dir='ltr'>parue</span> <span class='ocrx_word' id='word_1_325' title='bbox 1577 3916 1806 3965; x_wconf 87' lang='lat' dir='ltr'>monete</span> <span class='ocrx_word' id='word_1_326' title='bbox 1849 3907 2160 3964; x_wconf 85' lang='lat' dir='ltr'>Noricane.</span> 
     </span>
    </p>
   </div>
   <div class='ocr_carea' id='block_1_10' title="bbox 2379 3875 2639 3894">
    <p class='ocr_par' dir='ltr' id='par_1_17' title="bbox 2379 3875 2639 3894">
     <span class='ocr_line' id='line_1_39' title="bbox 2379 3875 2639 3894; baseline 0 1467"><span class='ocrx_word' id='word_1_327' title='bbox 2379 3875 2639 3894; x_wconf 95' lang='lat' dir='ltr'> </span> 
     </span>
    </p>
   </div>
   <div class='ocr_carea' id='block_1_11' title="bbox 732 4065 2733 4219">
    <p class='ocr_par' dir='ltr' id='par_1_18' title="bbox 732 4065 2733 4219">
     <span class='ocr_line' id='line_1_40' title="bbox 1643 4065 2485 4134; baseline -0.004 -17"><span class='ocrx_word' id='word_1_328' title='bbox 1643 4078 1750 4118; x_wconf 85' lang='lat' dir='ltr'>.cv.</span> <span class='ocrx_word' id='word_1_329' title='bbox 1797 4079 1972 4117; x_wconf 86' lang='lat' dir='ltr'>marc.</span> <span class='ocrx_word' id='word_1_330' title='bbox 2016 4078 2197 4134; x_wconf 86' lang='lat' dir='ltr'>parue</span> <span class='ocrx_word' id='word_1_331' title='bbox 2243 4065 2485 4116; x_wconf 89' lang='lat' dir='ltr'>monete.</span> 
     </span>
     <span class='ocr_line' id='line_1_41' title="bbox 732 4136 2733 4219; baseline 0.002 -24"><span class='ocrx_word' id='word_1_332' title='bbox 732 4136 861 4216; x_wconf 60' lang='lat' dir='ltr'>[ap]</span> <span class='ocrx_word' id='word_1_333' title='bbox 1063 4141 1302 4202; x_wconf 87' lang='lat' dir='ltr'>Summa</span> <span class='ocrx_word' id='word_1_334' title='bbox 1359 4142 1570 4218; x_wconf 84' lang='lat' dir='ltr'>pagine</span> <span class='ocrx_word' id='word_1_335' title='bbox 1645 4143 1734 4218; x_wconf 84' lang='lat' dir='ltr'>.vj.</span> <span class='ocrx_word' id='word_1_336' title='bbox 1781 4143 1886 4201; x_wconf 87' lang='lat' dir='ltr'>sol.</span> <span class='ocrx_word' id='word_1_337' title='bbox 1931 4146 2154 4201; x_wconf 89' lang='lat' dir='ltr'>Turon.</span> <span class='ocrx_word' id='word_1_338' title='bbox 2199 4163 2446 4219; x_wconf 84' lang='lat' dir='ltr'>grossor.</span> <span class='ocrx_word' id='word_1_339' title='bbox 2493 4143 2733 4218; x_wconf 88' lang='lat' dir='ltr'>argentj.</span> 
     </span>
    </p>
   </div>
   <div class='ocr_carea' id='block_1_12' title="bbox 378 4205 2624 4302">
    <p class='ocr_par' dir='ltr' id='par_1_19' title="bbox 378 4205 2624 4302">
     <span class='ocr_line' id='line_1_42' title="bbox 378 4205 2624 4302; baseline 0.01 -41"><span class='ocrx_word' id='word_1_340' title='bbox 378 4208 444 4243; x_wconf 59' lang='grc' dir='ltr'>Μ·</span> <span class='ocrx_word' id='word_1_341' title='bbox 473 4205 509 4242; x_wconf 73' lang='grc'>8·</span> <span class='ocrx_word' id='word_1_342' title='bbox 541 4206 575 4241; x_wconf 73' lang='lat' dir='ltr'>b·</span> <span class='ocrx_word' id='word_1_343' title='bbox 1645 4228 1736 4302; x_wconf 89' lang='lat' dir='ltr'>.vj.</span> <span class='ocrx_word' id='word_1_344' title='bbox 1782 4228 1909 4286; x_wconf 90' lang='lat' dir='ltr'>libr.</span> <span class='ocrx_word' id='word_1_345' title='bbox 1954 4247 2007 4285; x_wconf 87' lang='lat' dir='ltr'>v.</span> <span class='ocrx_word' id='word_1_346' title='bbox 2053 4228 2157 4284; x_wconf 90' lang='lat' dir='ltr'>sol.</span> <span class='ocrx_word' id='word_1_347' title='bbox 2202 4228 2624 4302; x_wconf 85' lang='lat' dir='ltr'>sterlingorum.</span> 
     </span>
    </p>
   </div>
   <div class='ocr_carea' id='block_1_13' title="bbox 578 4392 2956 4772">
    <p class='ocr_par' dir='ltr' id='par_1_20' title="bbox 578 4392 2956 4772">
     <span class='ocr_line' id='line_1_43' title="bbox 744 4392 2956 4472; baseline 0.002 -23"><span class='ocrx_word' id='word_1_348' title='bbox 744 4392 920 4450; x_wconf 90' lang='lat' dir='ltr'>Anno</span> <span class='ocrx_word' id='word_1_349' title='bbox 966 4394 1064 4450; x_wconf 82' lang='grc' dir='ltr'>(1ῇί</span> <span class='ocrx_word' id='word_1_350' title='bbox 1107 4394 1407 4453; x_wconf 90' lang='lat' dir='ltr'>millesimo</span> <span class='ocrx_word' id='word_1_351' title='bbox 1453 4403 1579 4453; x_wconf 75' lang='lat' dir='ltr'>ccc‘!</span> <span class='ocrx_word' id='word_1_352' title='bbox 1622 4396 1810 4471; x_wconf 74' lang='lat' dir='ltr'>xxvij‘!</span> <span class='ocrx_word' id='word_1_353' title='bbox 1855 4407 1912 4454; x_wconf 88' lang='lat' dir='ltr'>et</span> <span class='ocrx_word' id='word_1_354' title='bbox 1953 4396 2112 4471; x_wconf 74' lang='lat' dir='ltr'>xiiij‘.a</span> <span class='ocrx_word' id='word_1_355' title='bbox 2148 4397 2239 4455; x_wconf 90' lang='lat' dir='ltr'>die</span> <span class='ocrx_word' id='word_1_356' title='bbox 2283 4396 2492 4455; x_wconf 87' lang='lat' dir='ltr'>mensis</span> <span class='ocrx_word' id='word_1_357' title='bbox 2538 4396 2691 4453; x_wconf 92' lang='lat' dir='ltr'>Iunii</span> <span class='ocrx_word' id='word_1_358' title='bbox 2736 4396 2956 4472; x_wconf 91' lang='lat' dir='ltr'>Recepi</span> 
     </span>
     <span class='ocr_line' id='line_1_44' title="bbox 578 4492 2956 4568; baseline 0.002 -19"><span class='ocrx_word' id='word_1_359' title='bbox 578 4493 709 4568; x_wconf 88' lang='lat' dir='ltr'>Ego</span> <span class='ocrx_word' id='word_1_360' title='bbox 750 4492 925 4550; x_wconf 83' lang='lat' dir='ltr'>frater</span> <span class='ocrx_word' id='word_1_361' title='bbox 967 4495 1258 4553; x_wconf 86' lang='lat' dir='ltr'>Iohannes</span> <span class='ocrx_word' id='word_1_362' title='bbox 1304 4496 1375 4553; x_wconf 89' lang='grc'>(16</span> <span class='ocrx_word' id='word_1_363' title='bbox 1421 4496 1639 4555; x_wconf 88' lang='lat' dir='ltr'>Serone</span> <span class='ocrx_word' id='word_1_364' title='bbox 1684 4518 1719 4555; x_wconf 83' lang='lat' dir='ltr'>a</span> <span class='ocrx_word' id='word_1_365' title='bbox 1764 4500 1880 4556; x_wconf 77' lang='lat' dir='ltr'>dfio</span> <span class='ocrx_word' id='word_1_366' title='bbox 1936 4499 2126 4555; x_wconf 76' lang='lat' dir='ltr'>Paulo</span> <span class='ocrx_word' id='word_1_367' title='bbox 2197 4497 2477 4555; x_wconf 79' lang='lat' dir='ltr'>canonico</span> <span class='ocrx_word' id='word_1_368' title='bbox 2546 4497 2817 4558; x_wconf 90' lang='lat' dir='ltr'>Osloensi</span> <span class='ocrx_word' id='word_1_369' title='bbox 2884 4498 2956 4554; x_wconf 90' lang='lat' dir='ltr'>de</span> 
     </span>
     <span class='ocr_line' id='line_1_45' title="bbox 581 4594 2953 4673; baseline 0.003 -23"><span class='ocrx_word' id='word_1_370' title='bbox 581 4594 816 4651; x_wconf 86' lang='lat' dir='ltr'>denario</span> <span class='ocrx_word' id='word_1_371' title='bbox 861 4595 1015 4652; x_wconf 86' lang='lat' dir='ltr'>beati</span> <span class='ocrx_word' id='word_1_372' title='bbox 1057 4595 1218 4652; x_wconf 89' lang='lat' dir='ltr'>Petri</span> <span class='ocrx_word' id='word_1_373' title='bbox 1264 4596 1632 4672; x_wconf 80' lang='lat' dir='ltr'>episcopatus</span> <span class='ocrx_word' id='word_1_374' title='bbox 1678 4599 1974 4658; x_wconf 90' lang='lat' dir='ltr'>Osloensis</span> <span class='ocrx_word' id='word_1_375' title='bbox 2020 4600 2090 4657; x_wconf 89' lang='grc'>(16</span> <span class='ocrx_word' id='word_1_376' title='bbox 2147 4619 2259 4656; x_wconf 90' lang='lat' dir='ltr'>vno</span> <span class='ocrx_word' id='word_1_377' title='bbox 2320 4618 2471 4656; x_wconf 84' lang='lat' dir='ltr'>anno</span> <span class='ocrx_word' id='word_1_378' title='bbox 2527 4626 2591 4635; x_wconf 81' lang='lat'>-</span> <span class='ocrx_word' id='word_1_379' title='bbox 2644 4598 2757 4673; x_wconf 90' lang='lat' dir='ltr'>.lvj.</span> <span class='ocrx_word' id='word_1_380' title='bbox 2804 4618 2953 4656; x_wconf 85' lang='lat' dir='ltr'>mar-</span> 
     </span>
     <span class='ocr_line' id='line_1_46' title="bbox 583 4694 1927 4772; baseline 0.004 -21"><span class='ocrx_word' id='word_1_381' title='bbox 583 4713 681 4752; x_wconf 86' lang='lat' dir='ltr'>cas</span> <span class='ocrx_word' id='word_1_382' title='bbox 723 4694 812 4768; x_wconf 87' lang='lat' dir='ltr'>.vj.</span> <span class='ocrx_word' id='word_1_383' title='bbox 857 4695 1057 4754; x_wconf 82' lang='lat' dir='ltr'>vncias</span> <span class='ocrx_word' id='word_1_384' title='bbox 1101 4716 1283 4771; x_wconf 86' lang='lat' dir='ltr'>parue</span> <span class='ocrx_word' id='word_1_385' title='bbox 1326 4698 1573 4772; x_wconf 88' lang='lat' dir='ltr'>pecunie</span> <span class='ocrx_word' id='word_1_386' title='bbox 1615 4699 1927 4759; x_wconf 85' lang='lat' dir='ltr'>Noricane.</span> 
     </span>
    </p>
   </div>
   <div class='ocr_carea' id='block_1_14' title="bbox 1694 4667 1970 4682">
    <p class='ocr_par' dir='ltr' id='par_1_21' title="bbox 1694 4667 1970 4682">
     <span class='ocr_line' id='line_1_47' title="bbox 1694 4667 1970 4682; baseline 0 679"><span class='ocrx_word' id='word_1_387' title='bbox 1694 4667 1970 4682; x_wconf 95' lang='lat' dir='ltr'> </span> 
     </span>
    </p>
   </div>
  </div>
 </body>
</html>
