3534 5361
1674 317 1789 396 185

539 526 745 574 tuorum
777 521 1148 588 prouiderimus
1184 519 1556 573 destinandum.
1636 520 1971 571 serenitatem
2004 535 2246 583 rogamus
2282 518 2490 583 regiam,
2528 526 2579 571 et
2611 521 2665 571 in
2700 508 2907 573 domino

541 611 785 659 attentius
821 610 1154 658 exhortamur
1189 608 1426 671 quatinus
1461 604 1713 669 prefatum
1748 606 1989 654 nuncium
2027 620 2179 669 super
2212 605 2564 668 prosecutione
2610 622 2670 656 ac
2705 608 2912 671 expedi·

542 696 680 743 tione
717 695 965 744 dictorum
1000 693 1333 755 negociorum
1369 689 1503 739 felici
1539 691 1726 739 habere
1763 690 1890 739 uelit
1924 689 2173 739 celsitudo
2211 690 2353 752 regia
2386 692 2457 740 sic
2493 707 2585 756 pro
2638 692 2812 741 diuina
2862 700 2914 741 et

541 784 719 827 nostra
755 780 986 841 dicteque
1021 778 1154 826 sedis
1189 776 1477 825 reuerentia
1511 774 1866 824 fauorabiliter
1900 776 2311 825 commendatum
2347 777 2485 838 quod
2520 792 2613 826 nos
2650 785 2702 825 et
2735 778 2913 826 eadem

542 863 757 911 ecclesia
792 863 881 912 tibi
920 863 1191 912 reddamur
1224 868 1432 925 propter
1464 861 1566 927 hoq
1601 861 1665 908 ad
1702 874 1762 908 ea
1799 875 1894 923 que
1931 867 2075 909 tuum
2110 868 2162 908 et
2194 874 2465 922 regnorum
2511 867 2715 910 tuorum
2765 876 2911 911 com·-

541 949 749 996 modum
785 956 836 996 et
869 949 1121 998 honorem
1157 946 1430 1009 respicient
1464 946 1646 994 merito
1680 945 2038 1009 promptiores.
2123 945 2317 995 Datum
2365 944 2625 995 Auinione
2672 946 2755 1009 xj.
2793 944 2913 995 Idus

542 1028 841 1095 *Febroarij
880 1032 1207 1096 pontificatus
1244 1030 1406 1080 nostri
1442 1044 1577 1078 anno
1614 1029 1737 1092 ‚xvj.

1141 1112 1273 1160 (Arch.
1301 1115 1387 1153 Vat.
1412 1114 1505 1161 ch.
1532 1114 1637 1152 Secr.
1664 1113 1752 1152 Joh.
1781 1113 1894 1151 xxn.
1924 1124 1985 1151 au.
2016 1111 2075 1154 16.
2104 1123 2163 1161 ep.
2192 1110 2324 1156 1362).

1284 1340 1378 1396 74.
1475 1338 1650 1396 1332.
1738 1338 1853 1395 8de
1893 1338 2174 1395 Februar.

680 1454 945 1505 Johannes
982 1455 1247 1519 episcopus
1284 1469 1323 1502 s.
1362 1469 1400 1503 S.
1441 1454 1488 1501 d.
1526 1453 1801 1501 venerabili
1836 1450 1983 1501 fratri
2029 1489 2040 1501 .
2090 1489 2102 1500 .
2151 1453 2531 1517 archiepiscopo
2580 1452 2912 1503 Nidrosiensi.

545 1538 762 1588 salutem
798 1547 849 1589 et
884 1540 1101 1603 apostol.
1137 1538 1389 1588 benedict.
1461 1537 1593 1588 Cum
1628 1552 1721 1586 nos
1760 1537 2002 1587 dilectum
2037 1538 2197 1586 fllium
2231 1538 2533 1601 magistrum
2557 1537 2767 1589 Petrum
2792 1538 2917 1589 Ger·

548 1622 674 1684 uasij
713 1624 1017 1673 canonicum
1034 1623 1388 1672 Viuariensem
1424 1622 1702 1686 apostolice
1737 1622 1871 1671 sedis
1896 1622 2135 1671 nuncium
2159 1637 2251 1686 pro
2278 1624 2425 1672 certis
2452 1622 2613 1672 eidem
2636 1623 2919 1672 commissis

548 1708 768 1770 negotijs
804 1723 915 1768 noe,
953 1715 1004 1757 et
1037 1709 1304 1757 ecclesiam
1337 1708 1625 1756 Romanam
1662 1706 1988 1769 tangentibus
2024 1708 2089 1756 ad
2126 1722 2211 1756 eas
2247 1715 2416 1770 partes
2454 1708 2742 1771 specialiter
2765 1708 2919 1757 desti-

546 1806 740 1852 nemus,
776 1791 1143 1842 fraternitatem
1178 1799 1320 1840 tuam
1354 1806 1596 1855 rogamus
1615 1792 1873 1851 attentius,
1901 1799 1952 1840 et
1973 1792 2257 1853 hortamur,
2284 1800 2533 1856 quatenus
2560 1794 2695 1842 circa
2717 1791 2919 1842 felicem

550 1879 932 1941 expedicionem
949 1879 1274 1940 negotiorum
1298 1876 1604 1937 huiusmodi,
1623 1891 1719 1939 que
1745 1877 1836 1925 tibi
1858 1875 2088 1939 prefatus
2112 1878 2324 1927 nuncius
2345 1878 2585 1928 seriosius
2622 1878 2918 1942 explicabit,

548 1962 762 2011 solerter
782 1978 842 2011 ac
859 1963 1078 2012 fideliter
1094 1962 1355 2011 elaborare
1375 1976 1652 2024 procurans
1671 1962 1834 2010 eidem
1852 1963 2038 2012 nuncio
2060 1963 2132 2012 sic
2151 1961 2428 2012 efficaciter
2451 1964 2687 2013 assistere
2713 1964 2918 2012 studeas

548 2062 700 2111 super
731 2048 832 2110 hijs
867 2063 961 2112 pro
996 2054 1174 2096 nostra
1209 2053 1260 2096 et
1294 2045 1576 2110 apostolice
1611 2046 1744 2095 sedis
1781 2047 2067 2097 reuerentia
2100 2047 2340 2110 consilijs,
2377 2047 2601 2110 auxilijs,
2636 2054 2689 2098 et
2730 2046 2921 2098 fauori-

546 2132 640 2182 bus
678 2132 961 2197 oportuniS,
997 2132 1133 2195 quod
1162 2131 1372 2195 proinde
1396 2138 1638 2193 nostram,
1663 2139 1715 2181 et
1739 2131 1966 2180 eiusdem
1991 2132 2123 2182 sedis
2149 2132 2367 2196 gratiam
2390 2133 2593 2182 uberius
2618 2134 2919 2197 assequaris.

546 2217 742 2267 Datum
774 2217 1035 2267 Auinione
1071 2215 1154 2278 ,vj.
1191 2216 1314 2265 Idus
1349 2215 1616 2279 Februarij
1654 2216 1983 2280 pontificatus
2019 2218 2180 2268 nostri
2217 2233 2350 2269 anno
2386 2217 2756 2269 sextodecimo.

801 2300 865 2351 In
900 2299 1093 2351 eundem
1126 2299 1312 2350 modum
1349 2336 1362 2349 .
1401 2336 1414 2349 .
1454 2337 1466 2350 .
1504 2337 1516 2349 .
1554 2302 1940 2366 archiepiscopo
1973 2302 2265 2367 Vpsalensi.

800 2385 865 2435 In
900 2384 1095 2435 eundem
1129 2382 1314 2434 modum
1341 2422 1353 2433 .
1394 2421 1406 2433 .
1447 2422 1458 2434 .
1496 2422 1508 2434 .
1546 2387 1933 2451 archiepiscopo
1970 2388 2242 2437 Lundensi.
2352 2388 2546 2439 Datum
2581 2396 2632 2438 ut
2664 2405 2829 2453 supra.

801 2470 865 2521 In
900 2468 1092 2521 eundem
1125 2468 1311 2519 modum
1348 2506 1360 2519 .
1400 2506 1412 2518 .
1451 2507 1462 2518 .
1502 2506 1514 2519 .
1553 2471 1795 2535 episcopo
1828 2472 2168 2523 Roskildensi.

1066 2553 1196 2600 (Arch.
1223 2554 1308 2593 ναι.
1336 2554 1428 2601 neg.
1456 2553 1561 2594 Secr.
1589 2554 1674 2593 Joh.
1704 2556 1823 2596 xxu.
1852 2568 1913 2595 an.
1945 2556 2004 2594 16.
2035 2568 2094 2606 ep.
2126 2556 2239 2605 1363,
2273 2554 2403 2601 1364).

1245 2781 1341 2838 75.
1434 2781 1609 2839 1332.
1704 2781 1854 2840 lOde
1898 2781 2241 2840 December.

686 2897 952 2947 Johannes
987 2897 1254 2961 episcopus
1291 2911 1331 2945 s.
1369 2911 1408 2946 s.
1447 2897 1494 2944 d.
1546 2896 1820 2947 venerabili
1873 2895 2020 2946 fratri
2073 2934 2085 2945 .
2141 2934 2153 2946 .
2213 2899 2596 2963 archiepiscopo
2648 2897 2924 2963 Vpsalensi

551 2991 603 3030 et
637 2982 822 3031 dilecto
856 2982 963 3031 filio
1007 2981 1255 3043 magistro
1306 2981 1462 3030 Petro
1525 2980 1756 3043 Geruasij
1820 2983 2065 3030 canonico
2118 2981 2405 3032 Viuariensi
2459 2983 2740 3048 apostolice
2792 2984 2925 3034 sedis

549 3067 735 3115 nuncio
772 3067 989 3115 salutem
1025 3074 1076 3115 et
1121 3066 1457 3130 apostolicam
1489 3066 1913 3116 benedictionem.
1981 3066 2233 3116 Perduxit
2267 3067 2476 3117 infausti
2510 3069 2725 3118 rumoris
2760 3083 2925 3118 asser·

551 3151 631 3200 cio
669 3152 734 3200 ad
768 3152 930 3200 nostri
965 3151 1288 3215 apostolatus
1325 3152 1572 3213 auditum,
1619 3151 1757 3214 quod
1800 3151 2100 3200 venerabilis
2148 3150 2305 3201 frater
2348 3159 2521 3202 noster
2565 3152 2775 3216 Egislus
2824 3152 2926 3217 epi-

551 3250 736 3298 scopus
772 3233 1065 3284 Arosiensis
1101 3250 1305 3285 aserens
1342 3252 1431 3301 per
1464 3251 1559 3286 uos
1598 3235 1692 3285 sibi
1741 3250 2041 3285 concessum
2090 3235 2263 3297 fuisse,
2315 3244 2372 3285 ut
2427 3238 2536 3300 ipse
2592 3239 2644 3287 in
2700 3237 2927 3301 qualibet

553 3320 740 3369 diocesi
774 3320 1035 3384 prouincie
1070 3319 1372 3383 Vpsalensis
1408 3321 1471 3370 de
1505 3319 1762 3382 beneficijs
1802 3320 2156 3370 ecclesiasticis
2194 3335 2310 3369 cum
2344 3336 2483 3382 cura,
2521 3322 2607 3372 nel
2650 3323 2757 3371 sine
2804 3337 2928 3372 cura

555 3412 707 3454 etiam
743 3405 1075 3469 dignitatibus
1109 3405 1483 3469 personatibuS,
1520 3412 1572 3454 et
1608 3403 1792 3468 officijs
1827 3405 2016 3454 ibidem
2051 3406 2457 3468 consistentibus,
2488 3423 2585 3471 que
2620 3415 2765 3458 tanto
2803 3416 2929 3457 tem-

555 3506 679 3554 pore
715 3496 1043 3549 uacauerant,
1083 3490 1219 3552 quod
1253 3505 1427 3539 eorum
1463 3490 1673 3540 collatio
1711 3497 1821 3540 erat
1856 3489 2013 3552 juxta
2065 3498 2259 3540 statuta
2309 3492 2668 3542 Lateranensis
2722 3492 2924 3555 concilij

555 3576 622 3624 ad
676 3576 846 3625 sedem
890 3575 1226 3640 apostolicam
1277 3575 1538 3636 deuoluta,
1591 3575 1750 3623 tribus
1808 3577 2039 3638 personis
2093 3575 2296 3639 singula
2343 3577 2590 3626 beneficia
2639 3577 2929 3627 huiusmodi

556 3659 882 3720 conserendo,
917 3661 1156 3709 uidelicet
1187 3660 1419 3724 personis
1454 3659 1575 3722 ipsis
1622 3659 1837 3721 singulis
1882 3661 2152 3723 prouidere
2205 3660 2400 3709 ualeret
2451 3661 2647 3711 duabus
2700 3662 2929 3723 partibus

555 3743 812 3795 fructuum
845 3745 1148 3806 reddituum,
1185 3752 1236 3794 et
1287 3751 1629 3808 prouentuum
1678 3744 2039 3794 beneficiorum
2089 3745 2314 3810 ipsorum
2374 3762 2405 3796 a
2463 3754 2691 3810 tempore
2741 3746 2931 3796 noticie

557 3830 840 3879 uacationis
874 3831 1164 3880 huiusmodi
1199 3837 1553 3893 perceptorum
1588 3838 1762 3879 nostre
1798 3844 2014 3888 camere,
2051 3837 2102 3879 et
2146 3830 2305 3879 tercia
2351 3839 2494 3895 parte
2530 3831 2734 3881 residua
2768 3831 2932 3880 eidem

557 3916 798 3979 episcopo
832 3929 927 3978 pro
962 3916 1081 3976 suiS,
1100 3921 1151 3964 et
1185 3913 1398 3964 ecclesie
1435 3930 1523 3963 sue
1559 3912 1849 3964 Arosiensis
1875 3914 2261 3964 necessitatibus
2287 3916 2617 3980 applicandis,
2636 3924 2687 3965 et
2710 3918 2931 3980 insuper,

559 4001 695 4062 quod
731 4000 793 4049 de
829 3998 1076 4050 fructibus
1110 3999 1470 4049 beneficiorum
1506 4000 1965 4049 ecclesiasticorum
2003 4001 2158 4049 trium
2211 4000 2489 4050 diocesium
2541 4001 2766 4050 eiusdem
2816 4014 2931 4064 pro-

557 4084 723 4134 uincie
756 4083 1055 4149 Vpsalensis
1091 4101 1195 4134 una
1230 4100 1346 4133 cum
1376 4099 1470 4133 sua
1494 4085 1683 4134 diocesi
1707 4084 1992 4144 Arosiensi,
2013 4100 2138 4148 quas
2165 4086 2372 4135 duceret
2396 4086 2657 4148 eligendas
2684 4084 2933 4134 decimam

559 4170 885 4230 decimarum,
923 4186 1017 4234 que
1054 4171 1319 4220 consueuit
1353 4170 1462 4218 dari
1499 4169 1723 4218 subsidio
1759 4176 1891 4219 terre
1916 4177 2093 4219 sancte
2119 4179 2293 4233 posset
2316 4186 2406 4234 per
2429 4170 2687 4220 biennium
2709 4169 2932 4232 exigere,

559 4254 820 4318 colligere,
855 4262 906 4304 et
940 4257 1127 4306 habere
1162 4257 1216 4305 in
1249 4270 1371 4305 usus
1406 4269 1544 4314 suos,
1580 4262 1632 4303 et
1668 4254 1801 4304 dicte
1837 4268 1926 4304 sue
1955 4255 2250 4306 Arosiensis
2286 4255 2499 4305 ecclesie
2535 4255 2934 4304 conuertendam

559 4341 785 4389 diuersas
819 4340 1042 4390 bullatas
1075 4341 1274 4389 litteras
1311 4338 1546 4388 exhibuit
1581 4329 1883 4402 super-'hijS,
1919 4347 1970 4389 et
2002 4340 2279 4401 hostendit,
2324 4355 2535 4403 quarum
2582 4345 2822 4404 pretextu
2868 4340 2934 4389 ad

558 4425 820 4488 premissa,
857 4426 941 4474 uel
975 4425 1145 4489 aliqua
1179 4426 1242 4474 de
1277 4425 1378 4473 illis
1415 4434 1604 4473 temere
1639 4424 1826 4472 dicitur
1859 4426 2181 4488 processisse.
2272 4423 2402 4474 Cum
2450 4433 2623 4473 autem
2670 4423 2933 4473 tenoribus

560 4509 844 4559 litterarum
877 4509 1167 4558 huiusmodi
1203 4510 1297 4559 sub
1333 4509 1513 4572 sigillis
1548 4510 1817 4559 autenticis
1852 4510 1998 4559 nobis
2033 4508 2199 4558 missis
2242 4525 2335 4572 per
2390 4510 2524 4571 illos,
2577 4508 2663 4572 qui
2712 4507 2936 4558 *stillum

561 4602 811 4644 nouerunt
842 4595 1075 4644 Romane
1111 4595 1249 4644 curie
1275 4594 1545 4657 diligenter
1583 4594 1840 4659 inspectiS,
1865 4609 1971 4644 non
1994 4595 2265 4644 credantur
2290 4594 2423 4644 dicte
2458 4593 2626 4643 littere
2662 4593 2724 4642 de
2758 4601 2937 4644 nostra

561 4679 705 4731 curia
751 4693 1033 4741 emanasse,
1079 4693 1174 4728 nec
1207 4685 1385 4730 nostra
1419 4685 1591 4730 teneat
1622 4680 1869 4731 memoria
1903 4679 2041 4731 dicto
2078 4678 2338 4746 episcopo,
2373 4678 2458 4728 uel
2506 4679 2805 4745 cuicumque
2856 4679 2931 4729 ali

2408 4747 2535 4811 12*
