3534 5361
1734 376 1851 436 188

612 562 818 612 toi-itate
852 561 1138 625 apostolica
1172 565 1224 610 et
1252 559 1511 624 jmperiali
1544 561 1771 610 notarius
1807 560 2055 625 publicus,
2115 561 2372 624 premissis
2426 563 2658 612 omnibus
2716 578 2816 611 vna
2865 578 2980 612 cum

611 646 974 712 prenominatis
1011 646 1223 695 testibus
1259 647 1593 710 personaliter
1626 661 1834 710 presens
1891 645 2113 706 interfui,
2168 654 2220 695 et
2276 648 2342 696 ad
2399 649 2803 710 requisieionem,
2862 649 2982 697 dicti

612 730 802 781 domini
839 731 1053 782 Jordani
1088 732 1187 782 hoc
1222 747 1429 796 presens
1464 732 1723 796 publicum
1753 729 2155 793 justrumentum
2191 732 2382 794 scripsi,
2419 741 2471 780 et
2504 733 2555 781 in
2574 734 2708 783 hanc
2724 733 2982 799 publicam

611 816 827 867 formam
864 816 1052 878 redegi,
1089 830 1187 863 vna
1221 831 1337 864 cum
1372 817 1680 880 appensione
1728 815 1883 878 sigilli
1928 816 2116 865 domini
2171 818 2339 880 nuncij
2398 819 2681 881 memorati,
2739 819 2983 883 signoque

612 917 728 952 meo
765 902 920 952 solito
955 902 1153 965 signaui
1189 902 1457 964 requisitus
1492 907 1544 949 et
1578 907 1805 962 rogatus.

1483 981 1610 1027 (finer
1636 985 1735 1032 Dipl.
1763 985 1872 1022 svee.
1904 984 1970 1022 No.
1996 978 2127 1025 298¹).

1398 1210 1496 1267 80.
1587 1209 1766 1268 1333.
1859 1208 2009 1267 l5de
2052 1209 2191 1268 Mai.

749 1358 820 1409 Jn
872 1357 1076 1408 nomine
1130 1357 1320 1407 domini
1373 1373 1537 1408 amen.
1624 1357 1782 1408 Anno
1835 1358 2043 1420 domini,
2100 1359 2387 1421 millesimo,
2424 1373 2537 1420 cccq
2580 1373 2720 1421 xxxo,
2763 1361 2846 1425 iijq
2889 1362 2986 1421 die,

612 1449 723 1505 xv&-
749 1444 937 1493 mensis
988 1441 1134 1505 Maij,
1164 1442 1449 1505 jndictione
1484 1444 1662 1507 prima,
1697 1452 1792 1494 etc.
1861 1446 2185 1507 Recognouit
2236 1461 2290 1494 se
2342 1448 2591 1508 recepisse
2649 1455 2701 1497 et
2733 1448 2990 1510 habuisse,

616 1545 648 1578 a
681 1528 1054 1577 venerabilibus
1090 1534 1141 1577 et
1176 1528 1407 1577 discretis
1443 1529 1577 1589 viris,
1613 1529 1849 1589 dominiS,
1886 1529 2089 1578 Thema
2124 1530 2503 1592 archidiacono,
2540 1540 2591 1581 et
2635 1532 2875 1583 Johanne
2927 1534 2990 1582 de

615 1613 806 1663 Sancta
840 1612 1083 1672 trinitate,
1121 1614 1367 1663 canonico
1386 1613 1674 1678 Vpsalensi.
1714 1613 2074 1663 collectoribus
2110 1613 2368 1665 fructuum
2398 1618 2544 1680 primi
2569 1619 2704 1679 anni,
2722 1618 2989 1667 beneficio-

616 1711 726 1747 rum
761 1699 1057 1746 vacancium
1091 1713 1182 1761 per
1216 1698 1488 1756 biennium,
1525 1699 1576 1748 in
1614 1698 1822 1747 ciuitate
1860 1707 1911 1747 et
1944 1699 2133 1748 diocesi
2167 1699 2445 1764 Vpsalensi
2477 1718 2569 1766 per
2612 1703 2778 1766 ipsum
2832 1704 2991 1751 domi-

618 1799 738 1832 num
772 1798 973 1848 papam,
1010 1784 1199 1832 dudum
1236 1789 1624 1833 reseruatorum.
1662 1799 1693 1832 a
1729 1783 1962 1833 kalendis
1999 1783 2326 1847 SeptembriS,
2378 1788 2707 1851 pontificatus
2767 1788 2991 1836 eiusdem

619 1868 808 1918 domini
844 1883 992 1931 pape,
1027 1883 1161 1917 anno
1198 1867 1411 1918 decimo.
1486 1867 1704 1918 Centum
1740 1876 1793 1916 et
1827 1877 2042 1930 quatuor
2077 1871 2330 1931 marchaS,
2375 1879 2426 1920 et
2484 1873 2611 1921 duos
2672 1871 2863 1920 solidos
2913 1885 2992 1919 ar-

619 1953 774 2016 genti.
813 1959 1110 2016 computata
1144 1952 1368 2015 quelibet
1418 1953 1627 2001 marcha
1678 1953 1892 2015 argenti,
1953 1970 2062 2017 pr0,
2122 1955 2341 2019 quinque
2395 1957 2613 2005 marchis
2669 1956 2993 2005 denariorum

620 2038 809 2087 vsualis
845 2046 1047 2086 monete
1084 2037 1326 2087 Sweuice.
1398 2036 1535 2087 Jtem
1574 2044 1797 2100 quatuor
1831 2038 2025 2088 solidos
2061 2054 2355 2101 grossorum
2380 2041 2754 2090 Turonensium
2797 2040 2994 2103 argenti

621 2139 714 2188 pro
753 2131 971 2186 quatuor
1003 2123 1224 2172 marchis
1260 2138 1376 2171 cum
1413 2121 1636 2182 dimidia,
1691 2123 2017 2172 denariorum
2073 2123 2372 2175 Sweuorum
2424 2133 2764 2188 computatos.
2853 2125 2994 2176 Jtem

621 2216 827 2257 centum
860 2213 1015 2268 xxxk·
1044 2207 1127 2271 vij.
1163 2209 1383 2257 florenos
1420 2207 1546 2267 auri,
1582 2216 1905 2272 computatos
1940 2224 2033 2273 pro
2072 2217 2276 2259 centum
2312 2210 2591 2272 nonaginta
2625 2226 2807 2260 nouem
2863 2225 2996 2258 mar-

623 2293 731 2343 chis
768 2294 1089 2343 denariorum
1124 2300 1325 2343 monete
1344 2291 1588 2354 Sweuice,
1629 2293 1750 2341 item
1789 2293 2030 2343 tredecim
2055 2296 2290 2344 marchas
2328 2297 2653 2345 denariorum
2680 2295 2993 2346 Sweuorum.

624 2377 767 2439 Quas
804 2378 1005 2441 quidem
1040 2394 1262 2427 summas
1300 2378 1571 2428 occasione
1607 2386 1658 2427 et
1693 2379 1896 2429 racione
1932 2377 2207 2440 fructuum,
2260 2380 2410 2444 primi
2465 2380 2583 2430 anni
2634 2381 2996 2431 beneficiorum

622 2465 922 2514 vacancium
956 2464 1010 2513 in
1046 2464 1253 2513 ciuitate
1289 2471 1340 2513 et
1374 2463 1560 2513 diocesi
1595 2461 1890 2527 Vpsalensi,
1929 2465 2051 2514 dicti
2087 2466 2292 2529 domini,
2312 2467 2698 2515 archidiaconus
2724 2471 2774 2514 et
2799 2464 2998 2515 Johan·

625 2564 714 2598 nes
750 2548 989 2599 dixerunt
1023 2564 1077 2599 se
1111 2550 1377 2613 recepisse,
1415 2556 1466 2598 et
1497 2549 1713 2610 leuasse,
1732 2550 1795 2600 de
1835 2549 2016 2613 quibus
2054 2550 2304 2614 siquidem
2339 2550 2547 2599 summis
2584 2565 2675 2599 seu
2703 2550 2998 2615 quantitati-

623 2635 736 2696 buS,
771 2634 982 2700 pecunie
1016 2635 1129 2685 auri
1162 2641 1215 2685 et
1249 2634 1448 2699 argenti
1482 2635 1737 2700 predictis.
1809 2651 1899 2700 per
1950 2635 2115 2700 ipsum
2168 2635 2429 2686 dominum
2479 2636 2739 2699 nuncium,
2791 2637 2995 2686 nomine

624 2721 814 2771 domini
850 2720 1010 2770 nostri
1043 2736 1192 2785 pape,
1231 2728 1283 2769 et
1316 2722 1546 2771 Romane
1582 2723 1812 2784 ecclesie,
1848 2721 2036 2771 habitis
2074 2728 2126 2770 et
2158 2722 2393 2785 receptis,
2436 2722 2573 2785 ipsos
2633 2721 2866 2771 dominos
2917 2736 2996 2770 ar-

626 2806 979 2857 chidiaconum
1016 2814 1067 2855 et
1102 2805 1396 2856 Johannem
1432 2822 1491 2855 ac
1543 2808 1822 2871 capitulum
1877 2808 2088 2858 ecclesie
2146 2805 2470 2870 Vpsalensis,
2531 2814 2582 2857 et
2635 2820 2810 2856 omues
2870 2806 2997 2856 alios

627 2906 841 2955 quorum
875 2892 1085 2941 interest
1122 2887 1231 2951 [etc.
1268 2909 1365 2941 som
1400 2889 1634 2956 ovensor.]

760 2977 832 3026 Et
867 2992 962 3039 ego
998 2977 1224 3026 Jacobus
1261 2979 1323 3027 de
1356 2977 1584 3027 Eusebio
1622 2974 1730 3038 [etc.
1767 2996 1867 3028 som
1904 2979 1924 3027 i
1948 2975 2290 3042 foreyaaende
2349 2973 2427 3037 til]
2489 2976 2552 3024 ad
2612 2977 2998 3040 requisieionem

628 3063 878 3111 dictorum
931 3063 1253 3112 dominorum
1305 3063 1669 3124 archidiaconi,
1729 3071 1781 3113 et
1818 3063 2090 3114 Johannis.
2129 3063 2226 3112 hoc
2261 3077 2469 3125 presens
2506 3062 2766 3125 publicum
2795 3061 2998 3124 justru-

626 3154 856 3197 mentum
890 3148 1083 3211 scripsi.
1120 3163 1220 3197 vna
1255 3162 1370 3196 cum
1417 3148 1724 3210 appensione
1762 3149 1917 3212 sigilli
1954 3148 2145 3198 domini
2179 3147 2349 3209 nuncij
2407 3147 2691 3196 memorati.
2753 3146 3000 3209 signoque

624 3246 740 3283 meo
776 3232 929 3282 solito
965 3232 1164 3295 signaui
1200 3241 1424 3293 rogatus

1483 3313 1602 3362 (Ester
1629 3318 1729 3364 Dipl.
1759 3317 1867 3356 Svec.
1899 3317 1969 3354 No.
2002 3313 2121 3356 2982)

1412 3559 1510 3616 81.
1603 3559 1782 3618 1333.
1874 3558 2030 3616 28de
2072 3557 2213 3615 Mai.

763 3690 1028 3741 Johannes
1064 3691 1331 3755 episcopus
1367 3706 1406 3738 s.
1445 3705 1483 3739 s.
1522 3690 1568 3739 d.
1607 3690 1796 3739 dilecto
1833 3691 1939 3739 filio
1975 3692 2219 3753 magistro
2256 3689 2408 3739 Petro
2457 3685 2692 3750 Geruasij
2754 3685 3002 3736 canonico

629 3777 924 3827 Viuariensi
969 3776 1249 3842 apostolice
1285 3776 1419 3825 sedis
1455 3774 1642 3824 nuncio
1678 3775 1895 3824 salutem
1932 3784 1984 3824 et
2036 3775 2374 3838 apostolicam
2431 3773 2847 3822 benedictionem.
2920 3772 3004 3820 In-

632 3863 847 3913 tellectis
882 3864 1080 3926 plenius
1117 3876 1213 3926 que
1251 3870 1335 3910 tue
1371 3867 1659 3924 presentatc
1718 3861 1866 3909 nobis
1925 3860 2202 3909 nouissime
2254 3861 2422 3909 littere
2477 3857 2808 3908 continebant
2864 3864 3005 3905 tuam

632 3964 785 4013 snper
819 3947 1046 4012 negocijs
1084 3947 1173 3997 tibi
1210 3945 1492 3995 commissis
1528 3945 1806 3993 adhibitam
1846 3945 2166 4008 diligenciam
2226 3944 2640 3994 commendantes
2697 3956 2815 3990 ecce
2868 3942 3007 4004 quod

633 4033 896 4083 carissimo
935 4035 985 4081 in
1022 4031 1230 4083 Christo
1265 4031 1372 4078 filio
1411 4037 1587 4080 nostro
1622 4030 1819 4092 Magno
1858 4031 1966 4092 regi
2002 4028 2301 4092 *Nowergie
2337 4028 2523 4077 illustri
2559 4026 2824 4076 scribimus
2859 4025 3008 4073 iuxta

632 4118 849 4168 sormam
885 4134 1036 4181 quam
1073 4116 1300 4166 continet
1333 4116 1515 4164 cedula
1550 4115 1866 4179 presentibus
1904 4114 2182 4162 interclusa
2229 4128 2382 4177 quare
2430 4112 2625 4160 litteras
2680 4112 2842 4160 eidem
2899 4110 3009 4172 regi

634 4205 850 4252 directas
887 4218 1038 4267 super
1072 4203 1171 4251 hoc
1207 4216 1331 4265 quas
1370 4200 1459 4248 tibi
1495 4215 1610 4249 cum
1659 4198 1975 4264 presentibus
2031 4199 2277 4248 mittimus
2333 4197 2466 4246 sicut
2523 4197 2707 4244 uideris
2766 4194 3006 4259 expedire

630 4296 945 4353 presentans,
985 4290 1056 4337 sie
1093 4295 1142 4336 te
1179 4288 1314 4335 circa
1349 4286 1566 4349 negocia
1601 4285 1829 4349 predicta
1864 4298 2039 4347 gerere
2076 4285 2283 4332 studeas
2320 4283 2455 4345 quod
2499 4282 2617 4330 inde
2672 4280 2849 4329 ualeas
2902 4294 3007 4327 am-

631 4375 766 4439 plius
802 4372 1146 4423 commendari
1183 4371 1330 4420 nobis
1368 4386 1463 4433 que
1500 4385 1652 4434 super
1685 4369 1785 4419 illis
1821 4376 1873 4418 et
1908 4368 2025 4431 alijs
2062 4375 2253 4418 statum
2288 4367 2508 4432 partium
2547 4366 2749 4414 illarum
2796 4372 3007 4426 tangen-

633 4460 766 4509 tibus
801 4459 890 4507 tibi
928 4457 1238 4508 occurrerint
1272 4463 1424 4520 prout
1459 4465 1766 4520 oportunum
1804 4456 2049 4503 extiterat
2084 4453 2252 4516 sepius
2279 4451 2637 4502 nichilominus
2656 4450 3006 4513 rescripturus·

632 4547 828 4596 Rursus
864 4544 1111 4593 mittimus
1148 4543 1236 4592 tibi
1274 4542 1428 4591 etiam
1464 4547 1698 4605 patentes
1757 4540 1954 4590 litteras
2003 4554 2093 4604 per
2154 4553 2278 4602 quas
2331 4544 2599 4602 postquam
2655 4534 2744 4584 tibi
2803 4534 3008 4582 nomine

634 4637 811 4680 nostro
847 4638 896 4679 et
931 4628 1144 4679 ecclesie
1177 4629 1407 4677 Romane
1444 4626 1506 4675 de
1555 4625 1752 4674 decima
1804 4624 2072 4674 sexannali
2125 4624 2211 4672 uel
2262 4623 2369 4672 eius
2421 4621 2635 4670 residuis
2690 4617 3010 4668 satisfactum

640 4713 866 4762 extiterit
901 4711 1369 4762 excommunicatos
1407 4726 1500 4773 pro
1536 4726 1597 4759 eo
1635 4711 1773 4773 quod
1810 4725 1870 4758 ea
1916 4709 1969 4757 in
2015 4709 2218 4757 statutis
2271 4721 2422 4769 super
2478 4706 2576 4754 hoc
2628 4705 2851 4754 terminis
2909 4717 3011 4752 non
