3534 5361
1235 1508 1286 1563 1.
1341 1507 1519 1564 1274.
1614 1508 1766 1565 17de
1810 1506 2168 1583 September.

512 1596 811 1698 Gregorius
848 1638 1117 1701 episcopus
1144 1652 1323 1687 seruus
1350 1653 1613 1687 seruorum
1641 1638 1722 1688 dei
1763 1639 2039 1688 venerabili
2067 1637 2210 1688 fratri
2245 1638 2474 1689 Johanni
2509 1639 2887 1702 archiepiscope

507 1720 821 1771 Nidrosiensi
837 1721 922 1774 (al.
936 1722 1152 1771 Fulconi
1163 1722 1548 1786 archiepiscopo
1560 1721 1857 1786 Upsalensi)
1871 1733 1964 1771 etc.
1987 1723 2195 1786 eiusque
2214 1723 2550 1785 suffraganeis
2565 1723 2782 1771 salutem
2796 1732 2891 1770 etc.

509 1804 564 1855 Si
582 1814 779 1854 mentes
797 1805 1021 1854 fidelium
1043 1806 1254 1855 terrenis
1274 1807 1523 1856 abdicatis
1538 1807 1791 1856 illecebris
1806 1807 2089 1857 recolendis
2108 1807 2365 1856 immensis
2379 1807 2635 1856 beneficiis
2649 1806 2807 1855 nostri
2821 1820 2897 1855 re-

510 1889 789 1953 demptoris
809 1890 1146 1952 intenderent,
1177 1891 1220 1940 si
1238 1906 1300 1940 ea
1319 1892 1495 1940 celesti
1514 1892 1703 1941 lumine
1723 1893 2011 1941 illustrante
2031 1893 2262 1954 diligenti
2277 1899 2627 1940 scrutarentur
2645 1891 2896 1951 examine,

509 1975 553 2023 si
587 1973 878 2037 frequenter
911 1974 1260 2024 meditationis
1297 1983 1493 2024 attente
1529 1978 1828 2039 conspectui
1863 1984 2232 2039 presentarent,
2267 1973 2496 2039 profecto
2527 1990 2703 2024 eor-um
2740 1975 2898 2024 corda

511 2058 930 2107 concalescerent
954 2058 1087 2108 infra
1123 2060 1262 2123 ipsos
1298 2060 1415 2123 igne
1452 2060 1503 2109 in
1539 2061 1895 2109 meditantium
1931 2062 2112 2110 animis
2149 2061 2460 2109 ardescente.
2532 2058 2690 2109 Cuius
2710 2059 2897 2108 etenim

508 2153 689 2207 pectus
719 2158 934 2192 saxeum
960 2160 1062 2193 non
1099 2145 1354 2194 emolliret
1390 2145 1713 2194 considerata
1748 2146 1883 2194 illius
1904 2147 2283 2195 humanationis
2301 2145 2580 2205 humilitas,
2605 2146 2654 2192 in
2682 2158 2781 2207 qua
2799 2144 2898 2192 Dei

507 2228 644 2277 filius
682 2226 850 2277 factus
888 2229 1043 2278 homo
1080 2230 1366 2279 exinaniuit
1401 2230 1728 2294 semetipsum
1765 2228 1982 2280 formam
2010 2232 2141 2279 serui
2167 2230 2419 2293 accipiens
2438 2230 2491 2278 in
2516 2229 2899 2278 similitudinem

520 2313 741 2362 hominis
761 2311 927 2361 factus
953 2322 1004 2362 et
1021 2315 1199 2363 habitu
1222 2316 1459 2363 inuentus
1483 2322 1538 2363 vt
1562 2315 1754 2364 homo?
1795 2313 1953 2364 Cuius
1973 2317 2165 2365 viscera
2185 2331 2290 2364 non
2314 2314 2653 2363 inflammaret
2670 2314 2899 2363 caritatis

510 2398 693 2447 ardore
731 2398 817 2461 pia
853 2397 1196 2447 consideratio
1231 2398 1368 2447 illius
1418 2398 1788 2447 humiliationis
1834 2407 2077 2460 extreme,
2130 2401 2183 2449 in
2234 2416 2333 2463 qua
2385 2401 2494 2463 ipse
2546 2399 2681 2447 idem
2734 2397 2899 2447 factus

512 2481 758 2530 obediens
796 2496 953 2545 vsque
989 2482 1054 2529 ad
1091 2491 1308 2532 mortem
1345 2485 1411 2532 ad
1447 2484 1867 2548 exprobrantium
1905 2486 2179 2549 opprobria
2216 2500 2390 2534 coram
2428 2485 2673 2533 tondente
2727 2498 2781 2533 se
2818 2499 2900 2532 rc·

511 2566 588 2614 lut
621 2581 788 2628 agnus
825 2567 1096 2628 obmutuit,
1134 2574 1186 2615 et
1221 2568 1353 2617 sicut
1401 2568 1511 2618 ouis
1565 2569 1630 2617 ad
1683 2570 1992 2618 occisionem
2045 2571 2243 2631 ductus,
2297 2575 2415 2633 post
2466 2569 2801 2617 contumelias
2850 2574 2901 2616 et

515 2657 757 2709 terrores,
791 2659 911 2716 post
946 2653 1116 2716 spinas
1153 2660 1205 2702 et
1239 2660 1405 2718 sputa,
1444 2661 1560 2716 post
1593 2653 1801 2717 flagella
1835 2655 1993 2715 varia,
2030 2661 2150 2719 post
2203 2654 2404 2703 diuersa
2455 2653 2668 2717 denique
2714 2667 2901 2717 genera

509 2742 883 2802 tormentorum
920 2739 1163 2787 innocens
1200 2740 1308 2787 sine
1363 2754 1522 2787 causa
1575 2740 1862 2801 damnatur,
1922 2746 1973 2788 et
2026 2741 2229 2788 demum
2288 2746 2548 2788 saturatus
2602 2738 2901 2802 opprobriis,

511 2821 672 2870 clauis
710 2821 914 2883 affixuS,
950 2831 1095 2872 aceto
1133 2831 1184 2872 et
1218 2821 1336 2872 felle
1372 2831 1597 2887 potatuS,
1635 2823 1901 2873 confossus
1954 2824 2155 2875 lancea.
2187 2823 2239 2871 in
2297 2825 2460 2872 crucis
2511 2822 2742 2886 patibulo
2796 2829 2900 2871 tam

513 2907 618 2955 dire
654 2907 836 2955 mortis
875 2907 1032 2956 subiit
1070 2907 1379 2971 passionem,
1416 2909 1715 2972 mysterium
1750 2909 2110 2972 redemptionis
2146 2915 2320 2957 nostre
2357 2907 2635 2970 perficienS,
2660 2907 2767 2956 sine
2804 2923 2903 2971 qua

510 3005 692 3054 parum
728 2992 884 3040 nobis
919 2992 1168 3041 natiuitas
1204 2991 1498 3056 profuisset.
1570 2989 1698 3051 Quis
1742 2993 1900 3056 igitur
1945 2994 2038 3041 hec
2075 2997 2112 3041 dt
2153 2991 2256 3041 alia
2288 2992 2542 3054 largitatis
2579 2991 2746 3040 diuine
2784 2992 2903 3040 cha-

510 3075 722 3124 rismata
757 3074 892 3125 insra
927 3078 1148 3140 pcctoris
1187 3078 1412 3126 claustra
1458 3077 1629 3125 debita
1683 3084 1734 3126 et
1785 3076 2033 3140 frequenti
2085 3077 2416 3125 meditatione
2475 3075 2748 3124 reuoluens
2799 3091 2903 3125 non

511 3159 647 3210 intus
683 3160 878 3210 feruide
915 3162 1025 3210 zelo
1063 3162 1356 3211 deuotionis
1393 3177 1640 3211 accensus
1677 3160 1891 3222 ferueat,
1937 3160 2061 3211 foris
2097 3161 2326 3222 ebulliat,
2363 3162 2618 3210 exclamet
2654 3166 2705 3209 et
2740 3161 2901 3209 dicat:

511 3242 649 3304 Quid
684 3246 961 3295 retribuam
999 3246 1203 3295 domino
1241 3262 1334 3310 pro
1372 3248 1604 3296 omnibus
1643 3262 1737 3310 que
1776 3247 2010 3295 retribuit
2045 3246 2201 3294 mihi?
2262 3253 2314 3294 et
2347 3261 2451 3294 non
2486 3251 2760 3309 expectato
2796 3260 2903 3293 mo-

514 3329 691 3379 nitoris
726 3330 808 3379 vel
845 3317 1199 3380 sollicitatoris
1239 3329 1411 3380 officio
1448 3331 1724 3393 subiungat
1756 3331 2033 3393 vltroneOS,
2087 3331 2298 3380 calicem
2356 3330 2595 3379 salutaris
2656 3329 2904 3392 accipiam

513 3421 565 3463 et
598 3429 788 3463 nomen
825 3415 1013 3464 domini
1051 3416 1319 3464 inuocabo.
1364 3413 1563 3474 .Quem
1600 3431 1701 3465 non
1735 3415 1927 3479 pudeat
1960 3415 2339 3477 ingratitudinis
2377 3416 2537 3476 argui,
2573 3414 2693 3477 quin
2733 3413 2903 3476 potius

513 3499 575 3547 de
612 3498 912 3549 infidelitate
946 3500 1132 3561 notari,
1171 3500 1211 3549 si
1251 3500 1471 3549 creatori
1523 3501 1727 3565 proprio
1780 3500 2007 3549 benefico
2064 3500 2287 3560 domino,
2330 3499 2560 3563 pijssimo
2598 3499 2903 3562 redemptori

513 3590 656 3633 tante
690 3585 1010 3635 necessitatis
1048 3593 1278 3648 tempore
1332 3601 1437 3634 non
1490 3587 1714 3645 assistat,
1750 3587 1887 3647 ,dum
1942 3584 2240 3633 hereditatis
2300 3598 2388 3632 sue
2441 3583 2715 3644 funiculuS,
2770 3590 2905 3631 terra

513 3677 711 3731 sancta,
748 3685 900 3732 quam
939 3671 1033 3719 sibi
1088 3678 1309 3720 testatur
1371 3672 1618 3735 scripture
1663 3686 1807 3720 sacre
1862 3670 2208 3720 testimonium
2263 3667 2489 3716 omnium
2549 3668 2800 3716 cariorem
2852 3667 2905 3715 in

516 3753 922 3804 Christianitatis
960 3753 1307 3804 confusionem
1344 3762 1394 3804 et
1431 3756 1649 3804 dedecus
1686 3771 1777 3819 per
1828 3755 2047 3804 nominis
2102 3753 2380 3804 Christiani
2432 3753 2761 3816 blasphemos
2813 3767 2905 3815 pro

514 3848 662 3904 parte
699 3839 928 3888 maxima
965 3848 1216 3904 occupata
1253 3846 1469 3900 tenetur,
1508 3848 1558 3890 et
1594 3842 1658 3889 ad
1696 3842 2086 3904 occupationem
2122 3839 2305 3888 residui
2326 3854 2417 3903 per
2437 3837 2639 3886 eosdem
2659 3837 2904 3885 instantia

511 3923 701 3974 infeste
736 3925 1110 3989 persecutionis
1147 3926 1408 3985 insistitur,
1447 3940 1598 3988 super
1632 3940 1692 3974 eo
1731 3925 1934 3974 assidue
1969 3925 2021 3972 in
2067 3926 2293 3989 partibus
2348 3924 2446 3973 illis
2501 3922 2718 3986 populus
2759 3921 2905 3970 Chri-

512 4011 708 4058 stianus
744 4010 1021 4074 impetitur,
1059 4020 1109 4059 et
1145 4010 1373 4059 molestis
1410 4009 1811 4072 impetitionibus
1847 4008 2135 4058 infestatur.
2228 4007 2299 4056 Et
2352 4007 2556 4071 quidem
2609 4006 2649 4054 si
2686 4004 2904 4054 facultas

510 4094 785 4142 resistendi
823 4102 1154 4158 competeret,
1192 4111 1293 4144 non
1329 4102 1589 4158 pateretur
1624 4093 1807 4156 aliquis
1861 4093 2051 4156 absque
2104 4095 2300 4142 deserte
2360 4093 2476 4141 fidei
2533 4091 2772 4154 scrupulo
2829 4091 2906 4139 sui

515 4179 706 4227 domini
744 4179 1039 4242 temporalis
1074 4181 1154 4228 vel
1210 4180 1375 4228 vicum
1431 4179 1652 4241 aliquem
1699 4179 1954 4241 occupari,
2006 4185 2058 4226 et
2108 4177 2405 4226 hereditatis
2460 4176 2712 4226 dominice
2765 4177 2906 4223 inua-

514 4278 654 4312 sores
691 4263 867 4312 fideles
904 4264 1112 4312 vltcrius
1157 4264 1444 4327 patientur?
1514 4262 1756 4326 Nunquid
1809 4262 2107 4310 marcebant
2159 4262 2285 4322 otio,
2343 4268 2432 4310 aut
2478 4260 2619 4310 ocius
2674 4274 2778 4308 non
2817 4274 2907 4307 ex-

514 4356 699 4411 urgent
734 4349 801 4396 ad
825 4349 1274 4405 ,vitandum-tante
1310 4356 1428 4396 note
1468 4348 1776 4396 discrimen?
1848 4346 2125 4409 Exurgant
2160 4353 2331 4409 itaque
2380 4345 2463 4408 qui
2517 4352 2636 4393 sunt
2694 4342 2904 4403 Christi,

515 4441 566 4482 et
602 4448 656 4482 se
690 4432 849 4497 ipsius
886 4448 996 4482 esse
1033 4449 1137 4482 non
1173 4434 1340 4482 solum
1377 4434 1583 4481 nomine
1620 4433 1709 4480 sed
1746 4447 1897 4494 opere
1934 4431 2209 4480 fateantur.
2305 4431 2580 4493 Exurgant
2632 4430 2805 4491 vtique
2855 4428 2908 4475 in

514 4518 653 4566 illius
690 4517 956 4567 auxilium.
1050 4517 1325 4578 Exurgant
1377 4518 1440 4565 ad
1491 4516 1670 4564 salutis
1707 4531 1798 4565 sue
1834 4517 2208 4579 compendium,
2247 4524 2298 4564 et
2331 4515 2475 4564 illam
2509 4515 2679 4564 breuis
2714 4512 2907 4563 laboris

515 4603 679 4666 pretio
726 4603 1083 4665 compendiose
1135 4608 1437 4649 mercentur.
1522 4599 1672 4648 Nunc
1707 4600 1947 4663 precipue
1985 4601 2105 4648 dum
2141 4601 2193 4649 in
2231 4614 2378 4648 sacro
2417 4597 2636 4648 coneilio
2696 4598 2762 4646 ad
2809 4597 2908 4645 hoc

515 4685 579 4748 ijs
616 4687 793 4736 diebus
829 4686 963 4735 inter
998 4694 1168 4734 cetera
1202 4685 1357 4734 immo
1403 4700 1490 4747 pre
1543 4684 1720 4733 ceteris
1770 4683 2062 4746 specialiter
2109 4690 2441 4746 congregate,
2497 4683 2722 4731 eiusdem
2778 4688 2909 4729 terre
