3534 5361
1772 376 1887 433 124

469 569 639 607 ¹0¹.⁵³·’‘·⁸·
809 562 956 618 Item
1002 580 1114 617 .xx.
1158 561 1249 618 die
1291 560 1555 636 Januarij
1603 561 1755 618 exiui
1803 562 2070 621 Scaniain
2118 576 2174 623 et
2218 567 2426 625 intraui
2486 569 2755 628 Sueciam
2819 573 3007 629 eundo

643 661 714 717 ad
761 660 946 735 ipsum
993 662 1128 718 d’fim
1169 662 1390 736 Regem
1436 672 1492 719 et
1547 663 1677 720 dedi
1742 664 2077 724 ductoribus
2142 668 2197 723 in
2264 668 2362 726 uia
2426 669 2523 726 illa
2574 699 2641 706 —
2696 672 2788 746 vj.
2833 692 3006 731 marc.

641 762 768 819 den.
817 763 1142 822 Sueuorum
1189 772 1379 838 preter
1424 782 1706 838 expensas
1750 784 1896 839 quas
1939 766 2085 844 solui
2132 787 2236 842 pro
2282 769 2380 828 eis.

804 863 951 921 Item
999 864 1123 920 misi
1165 864 1385 921 litteras
1431 864 1544 920 d‘rio
1592 874 1787 922 nostro
1835 861 2015 941 [pape]
2064 877 2120 924 et
2161 870 2274 927 dfio
2319 873 2635 929 camerario
2681 893 2810 931 cum
2858 876 3005 932 rela-

641 965 806 1021 cione
851 965 1220 1039 negociorum
1262 975 1315 1022 et
1362 966 1490 1024 dedi
1537 965 1750 1022 famulo
1799 967 1896 1022 dfii
1940 968 2214 1026 Willelmi
2258 972 2422 1029 Krak
2467 973 2564 1048 qui
2624 975 2808 1033 dictas
2876 995 3005 1051 por-

639 1065 785 1122 tauit
829 1065 1049 1123 litteras
1094 1095 1166 1102 —
1220 1066 1332 1141 .xij.
1374 1084 1556 1141 gross.
1601 1066 1986 1127 Turonenses.

804 1166 951 1222 Item
996 1166 1088 1223 die
1134 1184 1202 1223 .v.
1247 1166 1472 1241 Marcij.
1518 1187 1785 1225 reuersus
1829 1167 1906 1225 fui
1961 1169 2181 1228 Lundis
2245 1171 2304 1229 in
2367 1174 2610 1231 Daciam
2678 1186 2735 1234 et
2798 1177 3005 1235 deinde

640 1266 772 1341 ‚viij.
822 1266 912 1324 die
957 1267 1092 1324 dicti
1137 1268 1345 1326 mensis
1390 1268 1625 1326 transiui
1671 1270 1753 1326 ad.
1793 1269 2094 1328 ecclesiam
2139 1272 2575 1331 Roskildensem
2620 1296 2723 1351 pro
2768 1279 3003 1336 restanti

639 1371 883 1445 pecunia
928 1390 1102 1447 quam
1145 1368 1223 1425 ibi
1269 1368 1593 1427 dimiseram
1641 1371 1996 1428 extrahenda
2040 1381 2096 1429 et
2136 1393 2241 1449 pro
2288 1374 2575 1450 aliquibus
2630 1379 2835 1439 debitis
2882 1381 3000 1437 exi-

633 1472 835 1547 gendis
880 1481 936 1529 et
977 1471 1122 1530 solui
1162 1488 1267 1545 pro
1291 1469 1464 1527 naulo
1487 1490 1588 1528 seu
1614 1491 1717 1546 pro
1742 1471 1915 1528 maris
1936 1472 2178 1530 transitu
2212 1503 2276 1512 —
2309 1496 2382 1533 .x.
2405 1494 2585 1551 gross.
2610 1480 3002 1541 Turonenses.

806 1574 945 1630 Item
993 1592 1097 1649 pro
1144 1571 1410 1646 expensis
1457 1571 1712 1629 ductoris
1764 1601 1823 1607 --
1882 1571 2011 1647 xvj.
2051 1592 2231 1648 gross.
2276 1577 2661 1638 TuronenseS.

800 1674 947 1730 Item
995 1675 1085 1731 die
1126 1673 1260 1729 lune
1304 1672 1360 1729 in
1407 1672 1716 1729 crastinum
1760 1673 1987 1749 Basche
2030 1675 2184 1731 exiui
2223 1676 2513 1734 ciuitatem
2561 1680 3002 1742 Roskildensem

636 1783 691 1833 et
734 1774 880 1833 solui
926 1794 1032 1850 pro
1078 1773 1253 1832 naulo
1297 1800 1378 1810 --
1424 1772 1554 1846 .viij.
1598 1792 1778 1847 grosS.
1824 1774 2208 1835 Turonenses.

801 1875 949 1932 Item
995 1877 1124 1934 dedi
1167 1875 1354 1932 Priori
1397 1886 1454 1932 et
1503 1874 1728 1932 Lectori
1774 1874 2212 1935 Predicatorum
2259 1880 2652 1940 Lundensium
2714 1884 2812 1960 qui
2879 1906 2995 1944 ser-

634 1985 915 2035 uauerant
959 1977 1183 2054 aliquas
1209 1976 1483 2051 pecunias
1528 1994 1673 2052 quas
1719 1976 2114 2034 commiseram
2162 1979 2241 2036 eis
2285 1983 2517 2056 quando
2544 1984 2622 2042 iui
2647 1986 2705 2042 in
2727 1987 2997 2046 Sueciam

634 2089 689 2150 et
733 2078 1046 2153 aliquando
1091 2079 1499 2136 laborauerant
1566 2097 1671 2153 pro
1730 2077 1983 2154 negocijs
2050 2078 2147 2135 dfii
2213 2102 2361 2157 pape
2407 2085 2823 2160 -.ij.ma1·0.
2870 2089 2997 2147 den.

632 2181 1045 2240 Scaniensium.

798 2282 946 2340 Item
992 2282 1083 2339 die
1131 2281 1220 2356 .vj.
1265 2282 1485 2358 Aprilis
1531 2283 1685 2341 exiui
1731 2283 1951 2341 Lundis
1998 2293 2052 2339 et
2105 2284 2182 2341 iui
2249 2286 2584 2364 Malmoghe
2648 2290 2722 2346 ad
2788 2309 2997 2349 nauem

632 2392 688 2440 et
733 2383 863 2440 dedi
908 2379 1141 2443 *familis
1180 2384 1278 2440 dni
1322 2384 1764 2460 Archiepiscopi
1810 2385 1907 2461 qui
1955 2404 2044 2442 me
2102 2387 2172 2443 de
2237 2399 2405 2446 nocte
2472 2391 2872 2449 conduxerunt
2921 2424 2992 2434 --

630 2484 699 2560 .ij.
743 2485 847 2543 sol.
893 2505 1072 2561 gross.
1121 2488 1504 2547 TuronenseS.

796 2586 942 2645 Item
988 2589 1119 2647 dedi
1155 2608 1260 2664 pro
1300 2606 1472 2648 curru
1517 2586 1615 2662 qui
1660 2588 1834 2644 traxit
1896 2610 1987 2647 res
2054 2600 2110 2648 et
2178 2593 2454 2668 pecunias
2518 2595 2594 2651 ad
2656 2614 2869 2653 nauem
2917 2630 2993 2639 ——-

630 2689 771 2766 ,iiij‘Z'
797 2710 976 2766 gross.
1022 2692 1409 2750 TuronenseS.

792 2793 940 2850 Item
983 2791 1129 2851 solui
1174 2812 1277 2867 pro
1324 2791 1551 2850 Batella
1594 2811 1707 2866 que
1763 2794 1927 2850 duxit
1989 2814 2093 2852 nos
2161 2797 2234 2852 ad
2300 2814 2570 2871 magnam
2635 2816 2843 2856 nauem
2912 2834 2990 2843 —

628 2895 766 2971 ‚iiij‘lf
792 2894 1113 2970 sterlingos.

793 2997 940 3053 Item
984 2994 1129 3053 solui
1174 3014 1279 3070 pro
1324 2996 1499 3052 naulo
1545 2995 1615 3050 de
1653 2995 1845 3052 Dacia
1890 3014 2071 3071 usque
2116 2997 2188 3053 ad
2252 2998 2542 3055 ciuitatem
2609 3001 2989 3076 Lybicensem

625 3098 680 3155 in
726 3096 1039 3155 Alamania
1095 3127 1148 3133 -ν-
1209 3116 1279 3152 .v.
1321 3096 1422 3153 sol.
1467 3114 1647 3171 gross.
1696 3096 2139 3155 Turonensium.

791 3199 937 3256 Item
982 3197 1127 3255 solui
1172 3217 1277 3273 pro
1321 3196 1551 3254 Batella
1591 3216 1704 3273 que
1746 3198 2000 3272 portauit
2037 3218 2140 3256 nos
2198 3201 2268 3257 de
2323 3210 2495 3276 portu
2562 3204 2633 3260 ad
2699 3204 2990 3262 ciuitatem

625 3299 1006 3376 Lybicensem
1050 3318 1180 3356 cum
1224 3300 1396 3356 rebus
1433 3325 1515 3334 -
1563 3297 1650 3372 .vj.
1696 3297 2047 3374 sterlingos¹.
2675 3314 2678 3317 ·

454 3409 620 3449 τοιάδ-ἰὼ.
793 3401 937 3459 Item
983 3399 1113 3457 dedi
1158 3399 1346 3456 Priori
1390 3399 1832 3456 Predicatorum
1875 3399 2280 3475 Lybicensium
2346 3413 2403 3461 et
2466 3404 2667 3462 lectori
2732 3424 2801 3461 ac
2864 3404 2990 3480 alijs

625 3502 850 3560 duobus
895 3501 1228 3561 Senioribus
1268 3501 1370 3576 qui
1412 3502 1737 3558 habuerunt
1782 3500 2101 3559 custodiam
2155 3504 2397 3580 depositi
2460 3513 2516 3563 et
2579 3505 2989 3563 laborauerant

625 3622 728 3677 pro
774 3603 1029 3677 negocijs
1074 3603 1212 3661 meis
1263 3631 1326 3639 —
1387 3601 1479 3676 .vj.
1523 3600 1626 3658 sol.
1672 3620 1853 3677 grOSS.
1898 3603 2342 3663 Turonensium.

791 3705 936 3762 Item
983 3705 1112 3762 dedi
1160 3703 1471 3762 conuentui
1517 3722 1620 3778 pro
1665 3702 1920 3778 pitancia
1971 3732 2036 3739 -
2090 3705 2160 3779 ,ij.
2204 3706 2306 3763 sol.
2342 3707 2987 3782 gross.Turonensium.

788 3808 935 3865 Item
983 3807 1073 3864 die
1116 3806 1208 3882 dij.
1259 3805 1466 3863 mensis
1510 3805 1670 3880 Maij.
1719 3806 1872 3863 exiui
1912 3806 2203 3864 ciuitatem
2274 3808 2652 3883 Lybicensem
2720 3818 2776 3866 et
2840 3810 2986 3867 solui

621 3928 727 3983 pro
771 3909 1036 3984 expensis
1079 3909 1306 3968 illorum
1348 3908 1450 3984 *qui
1497 3927 1586 3964 me
1632 3908 1921 3965 ducebant
1967 3943 2036 3950 ·-—
2093 3928 2165 3966 .v.
2202 3909 2307 3967 sol.
2332 3928 2514 3984 gross.
2542 3911 2986 3969 Turonensium.

790 4011 939 4069 Item
986 4011 1078 4067 die
1122 4009 1498 4068 Ascensionis
1543 4009 1638 4065 diii
1685 4008 1837 4066 exiui
1885 4028 2099 4067 nouum
2144 4011 2557 4068 Monasterium
2619 4032 2748 4070 cum
2814 4033 2986 4070 manu

620 4113 751 4170 forti
797 4121 855 4168 et
899 4110 1111 4168 deduxi
1156 4121 1378 4186 partem
1424 4111 1800 4186 pecuniarum
1846 4130 1989 4187 quas
2029 4111 2107 4168 ibi
2154 4111 2532 4187 deposueram
2581 4123 2638 4170 et
2679 4114 2827 4172 solui
2881 4134 2986 4190 pro

620 4214 887 4289 expensis
926 4214 1280 4271 ‘armatorum
1328 4241 1399 4248 --
1451 4231 1523 4268 .x.
1569 4212 1671 4270 sol.
1715 4210 2102 4287 *grossorum

786 4314 934 4371 Item
981 4314 1112 4370 dedi
1157 4314 1254 4371 vni
1298 4314 1614 4388 presbitero
1660 4313 1760 4390 qui
1808 4333 1898 4370 me
1941 4314 2086 4372 iuuit
2130 4314 2228 4372 illa
2272 4314 2365 4372 die
2409 4315 2481 4372 ad
2518 4317 2983 4383 abscondendum

1779 4545 1847 4578 .x.
1886 4528 2133 4592 sterlingi.

691 4627 703 4656 =
745 4630 808 4679 n·
849 4637 882 4679 t·
942 4626 1069 4694 [ap]
1779 4597 1868 4728 :23³1
1901 4598 2546 4717 3220÷tdss2,·.22„12u553522

1778 4731 1847 4796 ,1j.
1884 4746 2038 4784 marc.
2077 4734 2191 4783 den.
2228 4733 2593 4785 Scaniensium.
