3534 5361
1771 366 1887 427 186

626 551 876 602 hactenus
911 549 1055 609 talia,
1091 548 1174 598 uel
1221 548 1410 600 similia
1456 551 1785 612 concessisse,
1821 549 2117 600 discretioni
2151 556 2320 599 uestre
2353 565 2446 614 per
2480 552 2767 615 apostolica
2818 554 3009 617 scripta

628 634 993 685 committimus
1030 640 1083 684 et
1115 635 1434 696 mandamus,
1470 643 1717 698 quatenus
1752 649 1864 695 vos,
1901 636 1988 684 uel
2022 635 2153 684 alter
2185 642 2410 684 vestrum
2446 650 2537 697 per
2569 651 2676 696 voS‚
2712 636 2797 686 uel
2832 638 3005 697 alium,

627 734 717 769 seu
754 719 881 769 alios
917 732 1068 782 super
1100 719 1359 782 predictis,
1396 726 1447 769 et
1482 734 1545 768 ea
1580 719 1906 781 tangentibus
1942 721 2230 781 summarie,
2266 719 2578 783 simpliciter,
2615 730 2668 769 et
2719 722 2782 770 de
2833 722 3006 785 plano,

627 818 689 853 ac
723 805 829 854 sine
866 803 1096 866 strepitu,
1133 812 1185 852 et
1218 805 1383 867 figura
1412 802 1592 868 judicij
1632 806 1901 854 ueritatem
1938 803 2168 863 solerter,
2206 812 2259 853 et
2291 805 2507 854 fideliter
2541 805 2866 869 inquirenteS‚
2894 821 3008 869 pre-

628 889 891 951 dictasque
925 888 1139 948 litteras,
1158 905 1285 953 quas
1312 889 1459 937 uobis
1496 889 1695 938 faciatis
1730 897 1887 938 antea
1923 891 2094 937 omnia
2129 889 2360 938 exhiberi
2394 905 2548 954 penes
2582 906 2677 939 uos
2713 892 3008 952 retinentes,

626 988 814 1037 easque
848 974 994 1023 nobis
1028 973 1246 1023 fideliter
1279 975 1607 1034 destinantes,
1644 973 1936 1037 expressius
1973 973 2198 1023 inhibere
2235 977 2439 1035 curetis,
2475 983 2533 1024 ut
2570 975 2732 1024 nichil
2765 982 3007 1039 pretextu

625 1058 830 1108 illarum
865 1058 1078 1109 ulterius
1113 1066 1458 1122 attemptetur,
1479 1060 1568 1107 sed
1603 1059 1780 1123 pocius
1816 1072 2129 1122 quecumque
2165 1066 2472 1124 attemptata
2502 1061 2637 1107 circa
2670 1060 2765 1108 hec
2800 1057 3006 1119 fuerint,

626 1143 875 1194 hactenus
910 1144 1129 1208 ponatis,
1165 1150 1216 1192 et
1252 1145 1412 1193 teneri
1447 1142 1648 1192 faciatis
1683 1141 1901 1205 penitus,
1938 1156 2198 1205 quousque
2232 1158 2323 1207 per
2356 1158 2449 1193 nos
2478 1142 2783 1193 informatos
2820 1145 3006 1195 exinde

626 1228 824 1292 plenius
877 1229 1019 1278 aliud
1072 1229 1363 1279 ordinatum
1420 1226 1648 1276 extiterit
1702 1227 1755 1276 in
1808 1243 2072 1291 suspenso.
2147 1226 2566 1278 contradictores
2613 1236 2710 1278 etc.
2782 1229 2835 1280 Si
2883 1245 3004 1280 uero

626 1314 840 1362 eundem
876 1313 1170 1377 episcopum
1204 1329 1295 1378 per
1327 1313 1706 1376 inquisitionem
1740 1312 2021 1374 predictam
2058 1313 2120 1361 de
2155 1313 2394 1376 predictis
2447 1313 2753 1376 culpabilem
2798 1314 3005 1364 inuene-

625 1399 752 1460 ritis,
788 1399 873 1448 uel
908 1409 1200 1462 suspectum
1234 1400 1399 1463 ipsum
1432 1396 1774 1461 peremptorie
1811 1396 1969 1446 citare
2004 1397 2207 1458 curetis,
2244 1404 2301 1446 ut
2346 1396 2478 1448 infra
2524 1407 2720 1448 certum
2774 1414 3004 1464 peremp-

625 1483 812 1532 torium
847 1484 1119 1533 terminum
1154 1490 1544 1547 competentem,
1579 1495 1727 1545 quem
1780 1482 1942 1532 eidem
2001 1480 2250 1530 duxeritis
2308 1482 2659 1544 prefigendum
2718 1484 3004 1547 apostolico

625 1569 917 1632 conspectui
952 1568 1289 1632 personaliter
1322 1582 1376 1617 se
1411 1574 1667 1631 presentet
1700 1581 1795 1628 pro
1831 1566 2090 1616 demeritis
2125 1573 2435 1630 recepturuS,
2469 1575 2521 1615 et
2554 1583 2907 1631 responsuruS,
2943 1583 3005 1617 ac

621 1649 868 1712 facturus,
903 1654 1038 1716 quod
1067 1652 1274 1714 justitia
1307 1652 1556 1702 suadebit.
1632 1651 1785 1701 Diem
1821 1660 1994 1702 autem
2030 1651 2319 1700 huiusmodi
2354 1652 2625 1709 citationis,
2666 1661 2717 1701 et
2775 1652 3006 1714 formam,

623 1744 676 1786 et
711 1736 945 1800 quicquid
981 1738 1098 1787 inde
1134 1735 1356 1787 feceritis
1391 1736 1538 1786 nobis
1574 1751 1665 1799 per
1698 1737 2091 1786 instrumentum
2127 1736 2385 1800 publicum
2423 1736 2604 1784 harum
2651 1739 2833 1786 seriem
2881 1754 3003 1788 con-

624 1822 789 1871 tinens
822 1822 1059 1873 intimare
1095 1822 1297 1873 curetis.
1366 1821 1564 1872 Datum
1598 1821 1860 1871 Aninione
1896 1822 1977 1870 .iv.
2015 1821 2137 1871 Idus
2171 1819 2473 1870 Decembris
2507 1828 2651 1884 pont.
2670 1823 2834 1873 nostri
2870 1838 3006 1873 anno

624 1907 1055 1973 decimoseptimo.

1204 1988 1337 2035 (Ascli.
1365 1989 1450 2030 Vat-
1478 1989 1571 2038 Reg.
1598 1990 1702 2029 Secr.
1730 1990 1815 2030 loli.
1841 1990 1957 2029 xxu.
1983 2000 2044 2028 an.
2072 1988 2183 2028 xvu.
2213 2000 2275 2039 ep.
2303 1983 2416 2036 610).

1433 2215 1533 2274 76.
1627 2215 1808 2273 1333.
1896 2213 2011 2273 4de
2053 2203 2196 2272 Mai.

757 2330 829 2381 Jn
861 2329 1067 2380 nomine
1102 2330 1293 2380 domini
1322 2344 1486 2380 amen.
1556 2328 1713 2380 Anno
1750 2330 1944 2380 domini
1970 2329 2241 2379 millesimo
2278 2341 2410 2389 .ccc⁰,
2452 2340 2594 2389 xqu
2636 2330 2720 2393 iijq
2763 2332 2845 2381 die
2869 2331 3004 2394 iiij¹,·‚

621 2416 808 2465 mensis
825 2414 971 2478 Maij,
984 2414 1267 2478 jndictione
1284 2416 1464 2479 prima,
1482 2416 1811 2479 pontificatus
1831 2414 2139 2464 sanctissimi
2157 2414 2315 2477 patris
2335 2421 2386 2464 et
2403 2415 2595 2464 domini
2622 2416 2784 2465 nostri
2809 2416 3002 2466 domini

621 2499 876 2550 Johannis
913 2500 1087 2549 diuina
1119 2501 1453 2564 prouidencia
1486 2515 1618 2565 pape
1654 2499 1804 2562 xxij.
1841 2513 1977 2548 anno
2003 2509 2082 2557 ,κς
2125 2497 2222 2559 vijq
2260 2497 2323 2561 jn
2358 2500 2622 2561 presencia
2662 2502 2761 2549 mei
2809 2499 2995 2563 notarij

622 2592 672 2634 et
708 2586 913 2634 testium
947 2584 1398 2650 infrascriptorum,
1434 2585 1742 2634 constitutus
1780 2584 2118 2648 personaliter
2162 2583 2466 2633 venerabilis
2521 2592 2574 2634 et
2626 2584 2872 2634 discretus
2926 2585 3004 2633 vir

623 2670 858 2721 dominus
892 2669 1075 2720 Petrus
1112 2670 1365 2735 Geruasij,
1402 2672 1675 2722 canonicus
1725 2669 2064 2731 Viuariensis,
2117 2669 2397 2733 apostolice
2451 2670 2585 2719 sedis
2639 2670 2870 2729 nuncius,
2907 2686 3000 2734 pro

600 2752 956 2821 'infrascriptis
975 2763 1027 2805 et
1044 2757 1300 2806 nonnullis
1319 2756 1434 2822 alijs
1454 2756 1665 2806 ecclesie
1681 2756 1913 2805 Romane
1945 2754 2190 2818 negocijs,
2209 2756 2275 2804 ad
2310 2769 2470 2818 regna
2506 2754 2712 2816 Swecie‚
2739 2753 2916 2816 Gocie,
2952 2763 3004 2805 et

618 2839 889 2904 Norwegie
923 2841 1222 2902 destinatus,
1241 2842 1538 2905 recognouit
1573 2855 1626 2890 se
1661 2840 1912 2904 recepisse
1948 2846 1999 2888 et
2033 2839 2291 2901 habuisse,
2321 2854 2354 2887 a
2389 2840 2669 2888 reuerendo
2704 2839 2758 2888 in
2793 2838 3000 2890 Christo

619 2933 765 2989 patre
801 2926 1011 2976 domino
1045 2925 1242 2975 Karolo
1279 2926 1360 2975 dei
1396 2926 1570 2990 gracia
1616 2926 1856 2990 episcopo
1902 2924 2228 2988 Lincopensi,
2262 2937 2357 2987 per
2406 2938 2587 2973 manus
2640 2925 2999 2974 venerabilium

618 3010 843 3061 virorum
877 3010 1213 3072 dominorum,
1250 3010 1502 3061 Johannis
1538 3010 1903 3071 archidiaconi,
1940 3016 1992 3058 et
2014 3008 2213 3068 Karoli,
2250 3009 2431 3057 decani
2468 3009 2681 3058 ecclesie
2717 3009 3000 3073 Lincopen-

621 3097 706 3157 siS,
742 3097 1004 3159 ducentas,
1037 3096 1235 3160 viginti,
1272 3104 1493 3159 quatuor
1527 3096 1780 3155 marchaS,
1818 3110 1933 3144 cum
1970 3094 2182 3144 duabus,
2222 3093 2338 3143 oris.
2377 3094 2700 3143 denariorum
2751 3095 3000 3144 vsualium

619 3189 840 3243 monete,
877 3181 1119 3242 Sweuice,
1156 3181 1218 3230 de
1253 3180 1482 3244 pecunijs
1520 3181 1713 3229 decime
1748 3180 2043 3230 sexennalis
2081 3179 2272 3228 dudum
2306 3179 2557 3240 collecti8‚
2593 3180 2647 3228 in
2695 3181 2901 3229 ciuitate
2950 3190 3002 3229 et

621 3265 812 3315 diocesi
844 3265 1167 3331 Lincopensi,
1203 3264 1266 3327 jn
1301 3281 1402 3329 qua
1438 3267 1641 3329 quidem
1676 3281 1877 3315 summa
1911 3271 2030 3314 sunt
2063 3263 2431 3327 quinquaginta
2463 3278 2566 3312 vna
2599 3266 2819 3326 marche,
2846 3265 3000 3314 dena-

619 3352 813 3401 riorum
848 3352 982 3401 dicte
1017 3358 1240 3413 monete,
1273 3366 1366 3415 pro
1398 3366 1573 3403 mensa
1609 3351 1733 3399 dicti
1767 3349 1962 3399 domini
2011 3348 2237 3413 episcopi
2287 3347 2640 3411 Lincopensis,
2692 3364 2787 3412 per
2835 3350 3001 3413 ipsum

622 3438 884 3487 dominum
916 3437 1159 3487 nuncium
1193 3437 1398 3486 nomine
1434 3437 1627 3486 domini
1659 3437 1839 3497 nostri,
1874 3449 2020 3500 pape.
2059 3440 2111 3483 et
2142 3434 2374 3483 Romane
2411 3426 2691 3495 [ecclesie],
2729 3435 2915 3484 habitis
2953 3443 3004 3485 et

621 3523 855 3587 receptis,
889 3523 1059 3586 ipsum
1094 3522 1353 3571 dominum
1388 3522 1684 3584 episcopum
1717 3519 2090 3584 Lincopensem
2127 3524 2179 3567 et
2214 3516 2482 3566 ecclesiam
2517 3534 2680 3580 suam,
2718 3534 2778 3569 ac
2827 3535 3001 3570 omnes

618 3607 751 3658 alios
787 3622 1004 3670 quorum
1036 3607 1263 3667 interest,
1315 3606 1519 3656 nomine
1573 3606 1695 3655 dicti
1732 3605 1925 3654 domini
1977 3601 2143 3652 nostri
2194 3616 2342 3667 pape,
2380 3609 2432 3652 et
2486 3604 2731 3665 Romane,
2770 3606 3001 3665 ecclesie,

621 3692 776 3742 soluit
809 3692 1009 3756 penitus
1045 3698 1097 3741 et
1131 3691 1386 3754 quittauit,
1423 3690 1678 3755 requirens
1714 3705 1796 3738 me
1830 3689 2087 3738 notarium
2123 3685 2503 3750 infrascriptum
2548 3689 2713 3739 dictus
2767 3690 3002 3740 dominus

619 3777 853 3838 nuncius,
888 3784 946 3826 ut
981 3777 1044 3826 de
1079 3777 1318 3840 predictis
1355 3777 1457 3825 duo
1484 3774 1706 3824 facerem
1730 3773 2012 3824 consimilis
2037 3772 2226 3822 tenoris
2250 3771 2456 3835 publica
2472 3770 2832 3833 jnstrumenta.
2867 3774 3004 3826 Acta

622 3868 742 3911 sunt
775 3861 871 3910 hec
906 3860 1243 3923 Stokholmis,
1279 3876 1412 3911 anno
1449 3867 1500 3909 et
1536 3860 1617 3907 die
1655 3858 1837 3921 quibus
1863 3872 2031 3922 supra,
2047 3856 2366 3920 presentibus
2392 3856 2621 3907 discretis
2638 3860 2775 3921 viris,
2796 3862 3003 3910 domino

620 3947 777 3996 Petro
813 3946 1130 4010 Strangonis,
1167 3947 1415 3995 canonico
1449 3943 1793 4003 Roskildensi,
1816 3941 2039 3991 Efrardo
2073 3941 2135 3989 de
2171 3939 2350 3990 Monte
2374 3942 2534 4006 cupri,
2569 3943 2682 3992 ciue
2717 3944 3001 4005 Arosiensi‚

622 4038 675 4081 et
707 4031 948 4081 Johanue
984 4032 1047 4081 de
1081 4030 1378 4092 Loon,ciue
1415 4026 1800 4080 Stokholmensi
1835 4026 2049 4075 testibus
2086 4024 2152 4074 ad
2186 4025 2434 4088 premissa
2468 4029 2669 4078 uocatis
2705 4037 2757 4078 et
2790 4031 3001 4092 rogatis.

755 4116 828 4166 Et
863 4131 960 4179 ego
995 4115 1223 4166 Jacobus
1261 4115 1323 4164 de
1357 4114 1588 4163 Eusebio
1625 4113 1688 4161 de
1723 4110 1962 4174 Bugella,
1999 4109 2215 4159 clericus
2239 4108 2582 4162 Vercellensis
2617 4115 2849 4176 diocesiS‚
2884 4130 3003 4164 auc-

622 4201 830 4252 toritate
866 4201 1150 4265 apostolica
1186 4207 1236 4250 et
1264 4199 1521 4264 jmperiali
1558 4197 1792 4248 notarius
1826 4196 2080 4260 publicus,
2116 4195 2374 4259 premissis
2430 4198 2683 4257 omnibuS,
2735 4213 2835 4247 vna
2887 4214 3002 4249 cum

620 4287 985 4353 prenominatis
1021 4287 1235 4336 testibus
1270 4285 1609 4349 personaliter
1644 4297 1851 4346 presens
1887 4279 2111 4341 interfui,
2144 4287 2196 4328 et
2229 4282 2295 4329 ad
2331 4282 2717 4344 requisicionem
2755 4285 3001 4333 dictorum

622 4372 943 4423 dominorum
978 4370 1320 4422 archidiaconi
1358 4378 1410 4419 et
1443 4369 1638 4430 decani,
1671 4367 1773 4417 hoc
1824 4380 2029 4431 presens
2085 4365 2347 4429 publicum
2376 4366 2774 4429 justrumentum
2811 4368 3002 4431 scripsi,

622 4467 674 4510 et
707 4460 758 4509 in
793 4460 925 4509 hanc
959 4457 1217 4524 publicam
1262 4454 1480 4505 formam
1533 4453 1722 4515 redegi,
1756 4467 1860 4501 vna
1893 4466 2010 4501 cum
2049 4452 2361 4514 appensione
2399 4453 2549 4516 sigilli
2587 4453 2776 4502 domini
2827 4453 2998 4516 nuncij

620 4546 905 4607 memorati,
942 4546 1189 4608 signoque
1222 4556 1338 4592 meo
1373 4541 1528 4592 solito
1564 4537 1769 4602 signaui
1802 4536 2072 4600 requisitus
2110 4543 2162 4586 et
2196 4544 2426 4600 rogatus.

1498 4622 1618 4672 (Ener
1642 4623 1744 4671 Dipl.
1776 4622 1887 4660 Svec.
1916 4620 1984 4659 No.
2012 4618 2145 4665 2978).
