3534 5361
1774 379 1851 433 87

639 573 695 621 et
738 566 890 622 bona
936 583 1047 640 que
1095 564 1147 619 in
1195 562 1406 626 eisdem
1454 563 1672 633 Regnis
1715 562 2000 637 repereris
2044 563 2116 618 ad
2177 562 2455 637 prefatam
2526 584 2810 620 cameram
2881 584 3009 638 per-

636 665 834 734 tinere,
877 675 1092 741 petere,
1138 665 1367 739 exigere
1413 683 1483 720 ac
1528 662 1785 737 recipere
1830 673 2026 720 nostro
2069 673 2124 718 et
2166 664 2419 720 eiusdem
2488 685 2713 721 camere
2781 667 3008 721 nomine

636 786 764 823 cum
813 766 1140 841 integritate
1182 784 1477 839 procureS,
1512 765 1966 821 contradictores
2011 765 2298 839 quoslibet
2344 774 2397 819 et
2443 766 2684 823 rebelles
2728 786 2832 841 per
2873 787 3003 822 cen-

632 887 824 925 suram
873 866 1320 925 ecclesiasticam
1369 865 1767 940 appellacionc
1819 875 1948 940 post
1994 865 2180 946 posita
2226 867 2664 940 compescendO,
2709 869 2841 924 Non
2902 870 3004 924 ob·

631 978 817 1027 stante
862 969 908 1026 si
955 969 1036 1025 eis
1095 967 1187 1022 uel
1255 985 1450 1022 eorum
1516 965 1807 1041 aliquibus
1874 967 2253 1023 communiter
2317 966 2410 1023 uel
2477 967 2701 1026 diuisim
2769 989 2804 1025 a
2868 970 3004 1026 sede

630 1070 951 1146 apostolica
994 1071 1067 1126 sit
1110 1068 1391 1125 indultum
1453 1067 1606 1145 quod
1673 1066 1953 1136 interdici,
2019 1067 2290 1142 suspendi
2357 1069 2449 1125 uel
2517 1072 3000 1128 excommunicari

629 1191 741 1228 non
789 1171 1027 1246 possint,
1075 1190 1177 1245 per
1224 1169 1440 1225 litteras
1487 1168 1837 1241 apostolicas
1882 1189 1993 1225 non
2041 1168 2313 1225 facientes
2360 1169 2587 1243 plenam
2646 1179 2702 1225 et
2768 1189 3003 1246 expres-

626 1293 749 1329 sam
795 1293 863 1328 ac
911 1273 981 1328 de
1027 1272 1208 1329 uerbo
1255 1269 1326 1324 ad
1373 1269 1613 1324 uerbum
1662 1269 1732 1324 de
1779 1269 2000 1326 indulto
2046 1269 2372 1327 huiusmodi
2423 1271 2799 1339 mencionem,
2834 1273 2997 1330 volu-

629 1393 754 1431 mus
799 1383 992 1430 autem
1040 1371 1193 1448 quod
1243 1389 1341 1427 eos
1386 1391 1421 1425 a
1463 1370 1673 1444 quibus
1717 1371 1871 1426 bona
1917 1380 1973 1425 et
2030 1372 2303 1444 pecunias
2359 1372 2643 1446 receperis
2710 1373 3000 1432 antedicta

627 1474 850 1549 plenius
896 1473 1199 1532 absoluere
1246 1470 1445 1527 ualeas
1492 1480 1547 1526 et
1593 1471 1844 1545 quittare
1891 1472 1961 1527 de
2006 1472 2113 1546 hijs
2159 1493 2270 1549 que
2311 1473 2444 1529 inde
2483 1476 2555 1531 ab
2580 1474 2719 1549 ipsis
2742 1477 2996 1552 recipere

623 1585 679 1631 te
726 1576 1041 1649 continget,
1086 1573 1218 1630 inde
1260 1570 1506 1647 publicis
1539 1569 1940 1644 ⁸instrumentis
1986 1572 2259 1630 confectis
2317 1574 2535 1649 prefate
2603 1596 2829 1634 camere
2893 1600 3000 1655 per

622 1684 676 1730 te
724 1684 856 1749 post
899 1676 1132 1732 modum
1178 1673 1423 1730 fideliter
1468 1672 1848 1747 assignandis,
1896 1675 2112 1730 Datum
2180 1676 2474 1733 Auinione
2534 1677 2645 1751 diij.
2703 1679 2997 1738 kalendas.

621 1775 922 1850 Februarij
967 1777 1349 1834 Pontificatus
1396 1773 1571 1831 nostri
1617 1794 1769 1831 anno
1818 1775 1948 1849 .xvj.

789 1877 1051 1950 Quarum
1099 1876 1444 1934 auctoritate
1489 1875 1544 1932 in
1592 1876 1853 1951 predicto
1898 1879 2216 1952 procedens
2263 1882 2504 1956 negocio
2551 1885 2740 1959 recepi
2787 1905 2991 1960 argen-

619 1988 739 2034 tum
787 1988 843 2034 et
887 1979 1164 2053 pecunias
1209 1977 1618 2050 infrascriptas.

785 2165 960 2220 Anno
1008 2165 1105 2221 dfii
1152 2171 1250 2219 .m‘!
1297 2170 1424 2220 ccc⁰.
1468 2162 1678 2236 xxxiij‘!
1725 2163 1817 2219 «lie
1864 2184 1978 2220 ‚xx.
2026 2165 2232 2223 mensis
2267 2170 2506 2244 Aprilis.
2552 2175 2769 2251 Recepi
2802 2198 2837 2233 a
2876 2179 2991 2234 dfio

616 2266 934 2340 Styrberno
979 2267 1274 2342 Episcopo
1320 2265 1726 2339 Strengenensi
1775 2266 1845 2320 de
1892 2265 2082 2323 debito
2150 2268 2304 2342 ,xlvj.
2377 2291 2698 2333 marcarum
2768 2283 2990 2355 argenti

612 2367 667 2422 in
715 2366 924 2442 quibus
970 2368 1077 2424 diis
1122 2367 1557 2424 Thidemannus
1602 2367 1893 2442 quondam
1953 2369 2278 2442 prepositus
2344 2373 2617 2433 Nerichie
2685 2384 2990 2441 tenebatur

582 2468 728 2524 'dfio
771 2479 967 2526 nostro
1014 2489 1163 2544 pape
1208 2488 1311 2526 seu
1358 2467 1479 2524 eius
1526 2486 1751 2524 camere
1799 2487 1902 2542 per
1949 2487 2150 2526 manus
2211 2472 2305 2528 dni
2376 2476 2646 2535 Halstani
2709 2486 2987 2543 canonico

612 2568 1018 2644 Strengenensi
1079 2601 1121 2606 —
1190 2563 1364 2627 lxxv.
1412 2589 1584 2625 marc.
1632 2568 1761 2625 den.
1812 2569 2154 2628 Sueuorum.
2374 2553 2377 2557 ⁴

1273 2669 1516 2747 Recepit
1547 2668 1999 2744 jnstrumentum
2042 2672 2320 2733 Jacobus.

774 2874 922 2931 Item
968 2874 1203 2950 Recepi.
1249 2894 1284 2929 a
1329 2874 1605 2949 magistro
1640 2874 1869 2931 Thoma
1903 2877 2183 2934 canonico
2208 2879 2619 2957 Strengenensi
2664 2889 2735 2944 de
2778 2909 2982 2966 supra-

608 2975 761 3033 dicto
808 2976 1002 3033 debito
1048 2987 1163 3032 tam
1206 2976 1263 3032 in
1309 2985 1549 3049 argento
1596 2986 1653 3032 et
1696 2975 2025 3033 fracmentis
2080 2982 2301 3054 argenti
2371 3003 2544 3058 quam
2613 2988 2668 3045 in
2735 2995 2983 3065 pecunia

605 3076 920 3134 sueuicana
969 3106 1038 3113 ·-
1092 3096 1247 3133 xxv,
1294 3096 1467 3134 marc.
1509 3096 1630 3152 arg.
1679 3078 1951 3153 ponderis
1997 3080 2469 3141 StokholmensiS.

1549 3178 1769 3235 Habuit
1811 3178 2048 3238 litteras,

2887 3149 2914 3183 Χ

1565 3381 1741 3439 .lxxv.
1791 3403 1962 3443 marc.
2011 3389 2136 3445 den.
2184 3391 2529 3451 Sueuorum.

605 3415 756 3496 [αρ’]
805 3422 1043 3481 summa
1089 3425 1255 3481 hume
1299 3443 1505 3499 pagme
1563 3485 1720 3522 ‚xxv.
1773 3488 1944 3529 marc.
1993 3493 2113 3548 arg.
2175 3478 2444 3550 ponderis
2502 3480 2973 3541 StokholmensiS.

596 4130 705 4205 De
774 4129 1014 4206 oblato
1080 4130 1402 4207 subsidio
1469 4136 1532 4209 in
1600 4134 1867 4235 Regno
1932 4139 2203 4217 Suecie
2272 4155 2481 4221 tenor
2556 4147 2960 4227 litterarum.
2989 4179 3164 4216 fot-5⁷1>-

756 4313 1054 4371 Johannes
1121 4315 1425 4391 episcopus
1493 4338 1696 4377 seruus
1759 4341 2060 4381 seruorum
2124 4325 2233 4396 dei,
2300 4327 2530 4388 Dilecto
2598 4332 2715 4388 filio
2783 4334 2960 4392 Petro

588 4413 857 4490 Get-uasij
934 4415 1214 4473 canonico
1283 4418 1611 4476 Vinariensi
1686 4423 2005 4496 apostolice
2080 4427 2231 4483 sedis
2296 4431 2505 4487 nuncio
2573 4432 2831 4491 Salutem
2900 4447 2957 4493 et

585 4515 962 4591 apostolicam
1007 4517 1492 4576 benediccionem.
1603 4519 1752 4579 Cum
1800 4526 2059 4582 nonnulli
2112 4528 2329 4587 Prelati
2379 4541 2435 4588 et
2478 4552 2721 4608 persone
2767 4537 2955 4594 eccle-

583 4617 811 4675 siastice
854 4617 910 4673 in
955 4619 1286 4694 Norwegie,
1333 4618 1542 4677 Suecie
1586 4632 1642 4679 et
1687 4622 1875 4682 Gocie
1937 4627 2151 4702 Regnis
2223 4631 2599 4692 consistentes
2664 4646 2834 4709 grata
2905 4648 2962 4695 et

585 4718 831 4791 benigna
874 4720 1340 4779 consideracione
1407 4734 1714 4797 pensantes
1779 4728 1985 4799 grauia
2049 4749 2226 4787 onera
2294 4752 2678 4809 expensarum
2747 4739 2957 4812 quibus
