3534 5361
1685 381 1720 437 9

692 591 804 646 que
848 570 1345 647 Superintendens
1400 564 1619 639 recepit
1671 583 1780 640 pro
1843 563 1961 621 suis
2018 564 2303 638 expensiS‚
2371 572 2428 619 et
2469 580 2581 636 que
2629 559 2902 633 expendit

688 692 794 747 pro
858 672 1092 747 negotio
1155 669 1373 726 decime
1419 667 1677 724 ascendit
1723 665 1798 723 ad
1855 693 1907 699 ·-⁴
1968 665 2106 721 lxx‘P
2195 663 2436 738 ccclxiij.
2482 663 2762 729 marchaS,
2807 660 2902 733 iiij.

689 772 905 831 solidos
952 783 1009 830 et
1053 771 1127 846 vj.
1175 773 1302 828 den.
1342 768 1707 825 denariorum
1755 785 2117 841 cupreorum.

690 878 769 934 Et
806 875 888 934 sic
934 875 1064 949 plus
1109 872 1398 934 invenitur
1443 867 1756 925 cambitum
1805 877 1861 923 et
1902 886 2219 941 expensum
2278 884 2449 940 quam
2494 872 2788 937 receptum
2831 862 3100 918 (lew-2⁶11?

521 980 691 1037 dictis
727 976 978 1035 marchis
1023 973 1388 1031 denariorum
1474 1005 1519 1010 -›
1588 967 1831 1042 lxxxxij.
1895 971 2144 1039 marche,
2193 968 2304 1042 .iiij.
2353 968 2460 1025 sol.
2516 974 2572 1021 et.
2616 963 2705 1038 .vj.
2773 965 2902 1021 den.

523 1078 888 1137 denariorum
931 1092 1294 1150 cupreorum.
1913 1144 1918 1150 ¹

690 1179 880 1254 Super
938 1197 1054 1252 quo
1102 1176 1239 1232 dicit
1264 1171 1753 1249 Superintendens
1797 1170 1950 1245 quod
1997 1190 2173 1229 causa.
2218 1172 2414 1227 subest
2457 1179 2522 1227 ut
2566 1170 2746 1227 credit
2770 1170 2906 1245 quia

520 1281 665 1338 forte
711 1280 906 1354 plures
954 1278 1186 1334 marche
1232 1274 1600 1332 denariorum
1647 1272 1880 1328 inuente
1925 1279 2059 1328 sunt
2099 1271 2155 1326 in
2202 1272 2455 1346 pondere
2501 1281 2760 1347 tempore
2813 1292 2901 1328 re-

521 1380 862 1456 cognitionis
906 1388 1133 1435 monete
1180 1396 1352 1451 quam
1409 1373 1809 1431 inuenirentur
1852 1371 1905 1427 in
1946 1372 2174 1447 scriptis
2228 1371 2415 1428 solute
2477 1382 2533 1430 et
2590 1393 2702 1430 non
2763 1372 2906 1447 petit

520 1503 618 1541 eas
663 1481 770 1539 sibi
817 1479 1057 1539 restitui.

855 1583 1005 1639 Item
1031 1579 1272 1639 Summa
1312 1585 1678 1652 receptarum
1726 1575 2088 1630 marcharum
2136 1574 2192 1630 in
2240 1582 2480 1648 argento
2526 1576 2596 1632 de
2616 1579 2806 1636 Dacia
2851 1589 2908 1636 et

690 1684 903 1744 Suecia
969 1682 1025 1737 in
1096 1680 1367 1736 vniuerso
1416 1706 1479 1714 -
1541 1696 1614 1733 m.
1660 1674 1743 1749 vj0.
1787 1673 1883 1748 vij.
1946 1676 2179 1731 marche
2233 1684 2290 1730 et
2346 1694 2415 1732 Ν.
2468 1679 2638 1736 vncie
2682 1681 2903 1755 argenti

689 1784 1095 1857 sterlingorum
1162 1810 1203 1814 ff*
1256 1779 1340 1835 ‘de
1401 1778 1610 1856 quibus
1692 1775 1989 1849 clxxxxvj·
2052 1778 2284 1832 marche
2329 1789 2627 1837 remanent
2671 1780 2725 1837 in
2774 1801 2905 1856 par-

689 1885 842 1942 tibus
887 1884 1018 1953 illis,
1083 1882 1140 1937 in
1186 1881 1447 1956 deposito
1494 1889 1579 1937 est
1631 1907 1692 1914 --
1751 1877 1911 1934 .cccl.
1960 1878 2224 1934 marchas
2268 1879 2466 1936 debuit
2520 1901 2626 1956 pro
2683 1882 2904 1938 decima

687 1985 1022 2060 Episcopus
1047 1981 1425 2055 Lincopensis
1464 1990 1520 2037 et
1562 1980 1643 2036 sic
1691 1989 1776 2036 est
1820 1997 2046 2036 summa
2092 1999 2287 2035 earum
2339 2014 2403 2020 -«
2459 1990 2521 2037 vc.
2565 1983 2702 2057 xlvj.
2755 2004 2903 2041 mar-

691 2087 794 2144 che
841 2083 1065 2161 argenti
1112 2093 1168 2140 et
1214 2091 1564 2140 commutate
1616 2109 1673 2116 --
1735 2100 1814 2136 m.
1864 2080 1961 2155 lxj.
2007 2083 2239 2138 marche
2282 2091 2339 2137 et
2384 2102 2453 2140 .v.
2498 2083 2679 2141 vncie.

857 2186 1098 2246 Summa
1143 2184 1511 2243 Summarum
1558 2183 1810 2240 omnium
1876 2183 2238 2240 marcharum
2307 2183 2529 2258 argenti
2595 2184 2781 2240 Dacie
2849 2194 2906 2241 et

691 2289 899 2349 Suecie
945 2286 1325 2345 cambitarum
1370 2304 1473 2343 seu
1520 2294 2002 2342 commutatarum
2061 2284 2135 2340 ad
2192 2295 2495 2360 argentum
2551 2286 2624 2341 ad
2677 2287 2905 2361 pondus

688 2392 981 2449 Trecense
1041 2399 1099 2445 et
1157 2407 1354 2445 earum
1413 2406 1525 2461 que
1577 2395 1878 2442 remanent
1930 2385 1988 2441 in
2048 2385 2312 2460 deposito
2368 2385 2423 2442 in
2469 2386 2660 2443 Dacia
2698 2397 2903 2463 etque

690 2492 972 2549 debentur
1021 2511 1128 2566 per
1171 2490 1533 2565 Episcopum
1576 2487 1999 2562 Lincopensem
2053 2514 2120 2523 -
2173 2506 2245 2544 m.
2291 2490 2372 2565 vj?
2423 2487 2516 2563 vij.
2561 2496 2794 2550 marche
2850 2503 2906 2550 et

687 2612 744 2648 v.
816 2592 985 2650 vncie
1030 2590 1251 2665 argenti
1300 2599 1357 2647 et
1401 2589 1482 2646 sic
1527 2588 1679 2646 facta
1725 2588 2194 2663 compensatione
2238 2600 2603 2665 receptorum
2649 2594 2721 2648 ad
2780 2593 2904 2669 ipsa

690 2694 954 2770 deposita
999 2703 1056 2751 et
1101 2699 1456 2750 commutata
1499 2690 1792 2747 inuenitur
1837 2689 1907 2746 de
1954 2701 2194 2765 argento
2239 2701 2462 2751 tantum
2488 2704 2901 2754 commutatum

690 2805 747 2853 et
790 2794 1118 2871 depositum
1161 2802 1441 2868 quantum
1487 2801 1806 2867 receptum.

855 2898 1005 2954 Item
1047 2894 1332 2970 reperitur
1377 2903 1794 2951 commutatum
1839 2912 2044 2952 aurum
2081 2924 2143 2931 --
2175 2915 2281 2971 pro
2328 2897 2504 2955 dxxv.
2546 2899 2704 2956 libris
2750 2900 2901 2956 Tur-

686 3001 985 3059 onensium
1030 3000 1332 3056 minorum.

854 3103 1001 3159 Item
1046 3101 1415 3176 reperiuntur
1459 3105 1810 3155 commutate
1855 3099 2086 3155 marche
2112 3100 2476 3158 denariorum
2523 3102 2594 3158 de
2618 3101 2752 3160 Rua
2795 3121 2901 3177 pro

695 3230 764 3240 --
817 3223 949 3261 cxx.
993 3203 1155 3260 libris
1202 3198 1628 3258 Turonensium
1676 3197 1976 3254 minorum.

855 3306 948 3361 De
992 3304 1268 3378 predictis
1314 3298 1861 3360 commutationibus
1909 3301 2270 3358 marcharum
2296 3303 2661 3361 denariorum
2686 3313 2741 3361 et
2768 3324 2897 3379 arg-

688 3406 804 3462 enti
849 3415 907 3464 et
948 3405 1074 3462 auri
1121 3414 1346 3464 constat
1389 3402 1544 3478 quod
1594 3406 1676 3457 est
1700 3418 1927 3457 summa
1949 3403 2311 3459 marcharum
2352 3405 2575 3479 argenti
2609 3406 2682 3462 ad
2716 3406 2898 3479 pond-

687 3525 756 3564 us
819 3507 1140 3578 Trecense‚
1222 3504 1483 3561 deductis
1549 3502 1662 3558 illis
1733 3502 1982 3561 marchis
2048 3523 2161 3578 que
2231 3506 2462 3564 uendite
2532 3507 2761 3564 fuerunt
2821 3537 2897 3545 --

687 3608 783 3682 vj¹3¹
858 3610 1013 3665 clxx.
1064 3608 1313 3678 marche,
1368 3604 1440 3679 vj.
1496 3603 1683 3672 vncie‚
1750 3610 1806 3658 et
1857 3602 1902 3676 j.
1958 3617 2198 3679 quartus
2265 3608 2486 3683 argenti
2542 3610 2618 3666 ad
2676 3611 2904 3684 pondus

687 3711 996 3769 Trecense.
2087 3707 2092 3713 ’

854 3813 1004 3869 Item
1049 3839 1132 3847 -—
1176 3815 1290 3866 xv‘P
1330 3807 1547 3882 ccclvij.
1570 3807 1715 3865 libre
1761 3817 1818 3866 et
1856 3809 1970 3883 .xij.
2017 3810 2117 3866 sol.
2152 3810 2594 3869 Turonensium.

860 3913 1007 3969 Item
1033 3912 1224 3969 adhuc
1268 3918 1403 3967 sunt
1444 3909 1779 3984 assignandi
1809 3938 1878 3948 --
1910 3909 2024 3985 liiij.
2072 3911 2240 3969 solidi
2278 3923 2330 3968 et
2378 3931 2453 3968 .x.
2499 3910 2714 3986 denarij
2759 3921 2901 3970 ster-

685 4014 990 4089 lingorum.

682 4216 776 4273 De
819 4216 1094 4292 predictis
1139 4223 1378 4289 argento
1425 4223 1480 4270 et
1527 4214 1965 4273 Turonensibus
2011 4216 2158 4274 facte
2224 4225 2358 4275 sunt
2416 4236 2666 4292 expense
2729 4217 2901 4273 infra-

515 4318 730 4392 scripte
773 4338 879 4393 pro
926 4318 1268 4376 executione
1314 4319 1552 4376 decime.

684 4419 974 4494 Imprimis
1023 4448 1089 4454 -*-
1147 4419 1500 4494 cclxxxxiiij.
1557 4420 1701 4476 libre
1750 4429 1805 4475 et
1845 4419 1995 4494 .viiij.
2041 4420 2206 4476 solidi
2254 4420 2698 4491 Turonensium.,
2745 4440 2902 4478 com·

516 4519 732 4594 putatis
776 4520 834 4575 in
881 4519 988 4593 hijs
1034 4538 1104 4576 .V.
1147 4520 1306 4577 libris
1350 4520 1785 4577 Parisiensium.

684 4620 832 4676 Item
876 4649 957 4657 --
1004 4620 1118 4695 lvij.
1162 4623 1392 4678 marche
1438 4619 1589 4695 .viiij.
1639 4620 1807 4678 solidi
1851 4630 1906 4677 et
1951 4620 2043 4695 .xj.
2090 4622 2304 4697 denarij
2352 4622 2774 4697 sterlingorum.
