3534 5361
353 1321 419 1358 fol.
442 1318 487 1355 ¹9
508 1319 543 1355 h.

1720 308 1798 364 14

559 495 786 569 pondus
828 491 1160 568 Norwegie.
1250 491 1384 565 Qua
1427 502 1660 548 moneta
1704 492 1946 548 reducta
1989 492 2061 548 ad
2107 510 2326 566 ,purum
2385 501 2688 566 argentum
2746 492 2940 550 Vene-

557 603 746 651 torum
789 594 946 651 valet
991 622 1070 630 —
1111 591 1295 666 lxxxj.
1339 591 1516 650 libras
1547 592 1637 666 .vj.
1682 592 1883 649 vncias
1926 599 1982 648 et
2003 611 2118 648 ‚xx.
2166 600 2398 651 tarenos
2440 592 2666 668 argenti
2692 592 2768 649 ad
2790 593 2942 649 idem

558 695 784 770 pondus
827 696 1176 752 Romanum.
1574 763 1578 767 .

896 796 1136 855 Summa
1191 794 1559 853 Summarum
1623 793 1847 868 argenti
1906 793 2190 851 dictarum
2258 802 2618 851 monetarum
2684 793 2944 850 ascendit

727 897 800 952 ad
827 916 921 953 .m.
966 915 1049 953 cc.
1095 894 1191 969 vij.
1236 894 1414 951 libras
1459 893 1571 968 .iiij.
1614 895 1816 952 vncias
1863 892 1974 967 .vij.
2018 902 2250 950 tarenos
2295 900 2352 949 et
2378 893 2492 969 .vij.
2515 913 2699 968 grana
2721 894 2945 969 argenti

724 997 1082 1054 Venetorum
1126 997 1199 1053 ad
1244 996 1473 1072 pondus
1532 996 1876 1053 Romanum.
1966 992 2096 1066 Que
2139 993 2283 1050 libre
2327 993 2546 1051 faciunt
2581 1014 2683 1052 seu
2745 994 2946 1053 ualent

732 1132 802 1140 —-
833 1116 906 1155 m.
952 1097 1074 1172 viijc.
1116 1097 1193 1172 xj.
1239 1115 1464 1153 marcas
1509 1095 1617 1170 .vij.
1663 1104 1895 1152 tarenos
1940 1104 1997 1151 et
2042 1094 2153 1169 .vij.
2204 1113 2386 1169 grana
2430 1096 2654 1171 argenti
2686 1096 2762 1153 ad
2788 1096 2940 1153 idem

724 1199 950 1274 pondus
1006 1200 1351 1257 Romanum.
1460 1196 1687 1270 Quibus
1748 1196 2035 1253 adiunctis
2095 1195 2371 1271 predictis
2426 1204 2490 1273 vs:
2553 1198 2631 1272 iij.
2696 1197 2943 1255 marchis

726 1295 837 1373 ijb.¹¹⁸
891 1300 1072 1374 vncijs
1116 1310 1173 1357 et
1218 1298 1348 1373 .xvj.
1394 1297 1609 1354 tarenis
1655 1297 1881 1372 argenti
1923 1297 2179 1354 reductis
2219 1298 2291 1353 ad
2339 1299 2566 1372 pondus
2609 1300 2940 1357 Romanum

725 1401 799 1458 ad
842 1400 1158 1457 bonitatem
1204 1399 1428 1474 argenti
1473 1399 1901 1474 sterlingorum.
1947 1406 2180 1455 constat
2223 1399 2409 1456 dictos
2455 1408 2805 1457 mercatores
2836 1401 2941 1457 ha-

725 1623 854 1660 unc.
898 1601 1058 1675 xxiij.
1103 1612 1334 1658 tarenos
1377 1610 1433 1657 et
1475 1599 1585 1675 .vij.
1630 1619 1813 1674 grana
1858 1600 2081 1677 argenti
2127 1602 2200 1659 ad
2224 1602 2444 1659 dictum
2467 1602 2697 1676 pondus
2717 1603 2935 1660 Roma-

723 1722 880 1771 num,
925 1704 996 1759 de
1043 1703 1265 1759 decima
1308 1684 1659 1778 *Nouergie.

723 1804 872 1861 Item
919 1811 1005 1860 est
1047 1802 1478 1871 attendendum,
1524 1803 1682 1877 quod
1726 1802 1914 1859 dictus
1960 1801 2236 1860 collector
2281 1796 2538 1875 [misit]¹
2582 1803 2658 1859 ad
2702 1800 2940 1860 Curiam

551 1907 874 1963 Romanam
921 1904 1148 1979 pondus
1188 1902 1375 1979 Regni
1420 1902 1733 1976 Norwegie
1779 1903 1948 1960 vnius
2013 1903 2156 1959 libre
2221 1904 2277 1960 in
2335 1904 2591 1978 plumbo,
2658 1904 2766 1960 sub
2831 1922 2938 1959 suo

448 2078 456 2085 .
552 2006 760 2080 sigillo,
805 2005 962 2081 quod
1003 2004 1230 2078 pondus
1277 2023 1471 2061 coram
1511 2004 1828 2060 venerabili
1867 2004 1992 2060 viro
2017 2004 2131 2060 d‘fio
2158 2004 2420 2061 Berardo
2446 2004 2763 2079 apostolice
2787 2004 2939 2061 sedis

553 2107 909 2178 Camerario,
954 2105 1315 2180 presentibus
1356 2104 1606 2162 Rodulso
1650 2105 1721 2160 de
1755 2103 2023 2160 Pulicum
2072 2112 2128 2161 et
2161 2104 2636 2162 Rinbertinorum
2683 2104 2754 2160 de
2801 2104 2938 2161 Flo-

549 2208 735 2264 rentia
779 2208 1053 2265 Manente
1098 2206 1400 2263 Tholomei
1447 2206 1518 2262 de
1562 2205 1811 2262 filiorum
1850 2205 2225 2279 Bonsignoris
2268 2206 2338 2261 de
2380 2205 2527 2264 Sena
2578 2215 2634 2263 et
2693 2205 2938 2264 Colucio

551 2308 623 2364 de
667 2307 1046 2382 Ricardorum
1092 2307 1164 2363 de
1208 2307 1374 2364 Luca
1414 2306 1788 2364 societatibus
1832 2307 2249 2363 mercatoribus
2292 2305 2537 2364 Camere
2602 2306 2702 2362 dni
2767 2325 2938 2380 pape,

552 2427 621 2466 ac
648 2407 832 2467 Gerio
856 2407 1081 2464 notario
1126 2408 1478 2482 supradicta,
1520 2407 1678 2464 Jano
1701 2407 2076 2464 Benteuenne
2101 2407 2172 2463 de
2195 2407 2519 2483 Mocorum‚
2563 2415 2619 2463 et
2641 2406 2938 2463 Anbrosio

550 2509 623 2567 de
666 2509 1011 2566 Alfanorum
1059 2509 1128 2565 de
1173 2508 1471 2565 Florentia
1514 2506 1889 2565 societatibus
1932 2508 2368 2578 mercatoribus,
2423 2526 2599 2583 penes
2644 2526 2791 2582 quos
2835 2526 2938 2564 seu

549 2629 749 2667 eorum
791 2609 978 2667 socios
1023 2618 1109 2666 est
1152 2607 1375 2684 prefata
1416 2608 1680 2683 pecunia,
1725 2606 1832 2664 fuit
1875 2618 2159 2684 apertum,
2211 2618 2278 2666 ut
2320 2608 2427 2686 ipsi
2472 2609 2663 2666 Janus
2708 2616 2766 2665 et
2810 2607 2938 2664 An-

548 2712 777 2769 brosius
828 2730 934 2785 pro
991 2711 1111 2768 suis
1164 2710 1538 2767 societatibus
1594 2720 2061 2784 recognouerunt
2119 2720 2175 2768 et
2210 2711 2438 2786 pondus
2483 2719 2540 2767 et
2583 2710 2835 2785 sigillum
2882 2720 2938 2766 et

548 2823 897 2888 aperturam.
986 2812 1064 2868 Et
1109 2812 1310 2868 eodem
1357 2812 1609 2887 pondere
1655 2810 1988 2866 examinato
2035 2830 2164 2867 cum
2213 2812 2360 2869 libra
2391 2812 2664 2886 ponderis
2685 2812 2937 2870 Romani

558 2941 621 2951 -
676 2921 919 2987 apparet
963 2913 1120 2987 quod
1164 2931 1360 2968 marca
1405 2912 1478 2967 ad
1523 2911 1750 2986 pondus
1793 2911 2107 2986 Norwegie
2172 2912 2244 2969 sit
2290 2913 2474 2968 minor
2518 2930 2692 2985 quam
2738 2930 2939 2968 marca

547 3016 623 3072 ad
688 3014 916 3088 pondus
981 3014 1309 3071 Romanum
1353 3020 1699 3087 -quarta
1750 3022 1916 3085 parte
1994 3012 2181 3082 vicie,
2269 3021 2326 3069 et
2391 3011 2504 3086 .iiij.
2569 3013 2765 3088 granis
2832 3030 2937 3087 pro

549 3114 809 3189 qualibet
850 3109 1101 3171 marca.2

621 3275 639 3305 ¹
685 3280 926 3340 Udeladt,
965 3278 1327 3340 formodentlig
1363 3280 1457 3327 ved
1491 3279 1889 3339 Forsommelse,
1927 3279 1942 3325 i
1981 3278 2297 3340 Originalen.
2368 3275 2393 3305 2
2426 3279 2541 3328 Fol.
2581 3285 2646 3328 20
2690 3286 2825 3328 samt
2875 3282 2936 3327 27

684 3363 986 3411 indeholder
1021 3364 1365 3424 Regnskabet,
1403 3364 1561 3424 aflagt
1615 3368 1741 3411 1283
1788 3362 1847 3410 af
1877 3362 2090 3410 Prioren
2126 3361 2184 3411 af
2216 3361 2540 3423 Gordanici3‚
2596 3361 2678 3411 for
2713 3365 2775 3411 de
2815 3379 2938 3422 „sex

685 3448 1051 3511 provencalske
1088 3441 1426 3496 Provindser“
1466 3445 1588 3505 (sex
1625 3447 1896 3510 provinciis
1932 3446 2254 3506 Provincias),
2292 3448 2482 3509 nemlig
2516 3445 2730 3508 vienne,
2765 3447 2938 3505 Ades,

683 3531 809 3591 Aiax,
844 3532 1092 3590 Embrun‚
1120 3531 1416 3580 Tarantaise
1455 3546 1524 3592 og
1548 3532 1845 3595 Besancon3
1884 3532 2000 3580 Fol.
2040 3535 2237 3579 22-25
2255 3531 2589 3591 Regnskabet
2624 3531 2705 3580 for
2720 3532 2936 3592 Aragon

686 3631 754 3678 og
788 3615 1034 3675 Navarra,
1072 3617 1231 3678 aflagt
1265 3632 1304 3664 s.
1342 3617 1410 3665 A.
1447 3616 1506 3664 af
1534 3617 1830 3665 Benenatus
1867 3617 1928 3664 de
1963 3615 2208 3674 Lavania‚
2255 3630 2323 3677 og
2357 3615 2475 3671 Fol,
2526 3621 2606 3674 28,
2658 3620 2720 3663 29
2767 3615 2938 3676 Regn-

685 3700 866 3748 skabet
902 3699 984 3749 for
1017 3701 1286 3760 Skotland‚
1323 3701 1482 3761 aflagt
1524 3704 1648 3749 1287
1688 3700 1746 3749 af
1778 3701 2127 3748 Baiamundus
2165 3701 2228 3748 de
2262 3698 2425 3747 Vitia.
