3534 5361
1738 356 1820 412 26

762 536 940 595 Anno
986 533 1217 595 domino
1261 536 1563 595 millesimo
1607 546 1753 597 ‚cccff
1797 539 1984 618 xxvij‘!
2029 549 2085 599 et
2110 538 2225 613 .vij‚
2249 538 2341 596 die
2370 537 2581 597 mensis
2615 537 2973 613 Septembris

594 636 919 711 recepimus
955 636 1131 695 frater
1163 638 1451 695 Iohannes
1486 638 1556 694 de
1595 638 1832 711 Semne,
1857 649 1913 698 et
1937 660 2044 716 ego
2069 641 2137 698 B.
2162 641 2233 697 de
2258 639 2475 699 Ortolis
2498 660 2533 697 a
2558 640 2675 696 diio
2700 639 2973 714 episcopo

598 737 916 796 Orcadensi
963 737 1178 812 .xxxvj.
1223 757 1449 795 marcas
1490 738 1895 814 sterlingorum
1943 741 2018 798 ad
2074 740 2303 816 pondus
2361 740 2740 798 Noricanum.
2826 739 2974 795 Item

598 838 799 895 cadem
825 838 916 895 die
939 838 1113 896 soluit
1151 837 1405 914 prefatus
1444 839 1550 896 d'fis
1587 840 1894 916 episcopus
1927 840 2278 899 Orcadensis
2316 839 2536 914 xxxvj.
2573 859 2800 897 marcas
2829 848 2971 897 ster-

596 939 884 1014 lingorum
909 940 980 997 de
1008 939 1163 997 dicta
1189 939 1416 996 decima
1440 939 1556 995 d‘fio
1579 940 2017 1017 archiepiscopo
2040 940 2416 1000 Nidrosiensi.
2438 960 2546 1016 pro
2569 948 2735 1016 parte
2753 939 2973 997 contin-

597 1047 768 1113 gente
813 1039 929 1097 d‘n'o
974 1040 1097 1115 regi
1141 1040 1474 1115 Norwegie.
1500 1070 1583 1078 -
1604 1060 1712 1116 pro
1749 1051 1915 1117 parte
1957 1041 2051 1116 diij
2084 1061 2237 1118 pape
2272 1040 2473 1114 xxxvj.
2512 1060 2683 1099 marc.
2720 1039 2974 1114 sterling.

2035 1191 2278 1266 ‘.c.xiiij.
2321 1192 2447 1248 flor.
2493 1190 2635 1266 auri.

769 1273 1008 1333 Summa
1042 1274 1250 1350 pagine
1286 1276 1357 1333 de
1378 1274 1628 1351 receptis
1651 1296 1755 1351 pro
1782 1295 2013 1335 camera
2064 1276 2177 1350 .iiij.
2222 1276 2441 1332 Turon.
2487 1274 2727 1351 argentj.

2066 1359 2281 1434 .xxxvj.
2294 1378 2467 1416 marc.
2482 1356 2977 1435 sterlingargentj.

767 1523 1088 1582 Residuum
1132 1543 1270 1582 vero
1315 1526 1472 1601 quod
1527 1529 1786 1585 restabat
1848 1528 1924 1584 ad
1988 1527 2332 1586 soluendum
2393 1526 2466 1583 de
2532 1526 2687 1584 dicta
2754 1524 2978 1583 decima

602 1624 970 1700 episcopatus
994 1624 1360 1684 Orcadensis.
1405 1627 1562 1701 quod
1607 1635 1692 1684 est
1714 1627 2008 1702 ‚clxxxiiij.
2033 1629 2265 1685 marche
2298 1626 2722 1701 sterlingorum.
2762 1625 2976 1701 promi·

601 1724 672 1782 sit
716 1723 944 1782 soluere
988 1725 1243 1800 prefatus
1287 1726 1394 1784 diis
1439 1727 1745 1803 episcopus
1791 1728 2161 1788 orcadensis.
2250 1726 2458 1802 Bergis
2485 1727 2543 1783 in
2580 1726 2725 1784 festo
2759 1726 2976 1783 Iohan-

601 1825 689 1883 nis
732 1826 981 1884 babtiste
1027 1834 1084 1883 et
1125 1836 1317 1884 cetera
1368 1828 1602 1903 proprie
1645 1827 1926 1903 sequenti.
1974 1835 2031 1884 et
2075 1847 2136 1886 se
2179 1838 2236 1885 et
2278 1829 2433 1885 bona
2477 1827 2565 1884 sui
2611 1827 2978 1903 episcopatus

603 1944 829 1983 camere
874 1926 970 1983 dfii
1018 1946 1166 2002 pape
1208 1927 1504 2003 obligauit.
1589 1929 1683 1985 De
1727 1948 1845 2004 quo
1891 1929 2061 1985 debet
2094 1928 2308 1986 habere
2342 1947 2573 1986 camera
2611 1928 2978 1987 medietatem

598 2026 868 2085 videlicet
921 2055 986 2064 -
1037 2027 1280 2102 lxxxxij.
1323 2029 1588 2086 marchas
1630 2029 2056 2102 sterlingorum.

426 2223 594 2263 ΜΨ·
938 2229 1176 2288 Summa
1219 2230 1586 2289 Summarum
1633 2229 1818 2287 tocius
1860 2230 2119 2304 Recepte
2164 2229 2237 2286 de
2283 2228 2508 2286 decima
2550 2230 2849 2288 sexennali
2919 2230 2979 2288 in

768 2347 947 2404 regno
991 2331 1321 2405 Norwegie.
1371 2350 1477 2405 per
1519 2350 1623 2389 nos
1665 2326 2272 2388 fratreffi'JBhannem
2319 2329 2390 2386 de
2436 2329 2655 2388 Serone
2702 2337 2760 2386 et
2792 2330 2862 2387 Β.
2908 2330 2980 2387 de

771 2429 990 2488 Ortolis
1034 2439 1137 2488 est.
2061 2498 2064 2499 ⁷

905 2529 1029 2604 ‚iiijs
1071 2530 1334 2605 lxxxviij.
1378 2551 1553 2590 marc.
1599 2551 1654 2587 v.
1702 2550 1831 2590 vnc.
1873 2529 1949 2605 iij.
1994 2530 2186 2606 quarti
2227 2549 2357 2589 vnc.
2400 2530 2641 2605 argentj.

904 2629 1080 2705 .cliiij.
1120 2632 1244 2690 fior.
1288 2631 1433 2707 auri.

904 2730 996 2805 .iij.
1038 2751 1169 2790 vnc.
1210 2751 1358 2791 cum.
1405 2732 1642 2790 dimidia
1685 2732 1829 2807 aurj.

905 2831 1017 2906 diij.
1059 2834 1189 2891 den.
1238 2834 1381 2891 Tur.
1425 2832 1666 2908 argentj.

906 2933 1059 3008 ,xcij.
1103 2934 1232 2991 libr.
1277 2934 1396 3010 xiij.
1438 2933 1542 2991 sol.
1583 2932 1637 3008 ij.
1683 2934 1812 2991 den.
1859 2934 2112 3009 sterling.
2156 2932 2399 3009 argentj.

921 3032 1165 3067 ........

940 3135 1180 3195 Summa
1224 3136 1549 3194 debitorum
1594 3135 1746 3193 dicte
1793 3136 2011 3194 decime
2056 3135 2113 3191 in
2160 3134 2314 3192 dicto
2358 3152 2538 3208 regno
2585 3132 2918 3208 Norwegie.

1088 3229 1217 3313 [pro
1261 3256 1471 3295 camera
1511 3239 1612 3294 dr'zi
1640 3255 1794 3312 pape
1835 3230 1972 3310 est]¹
2903 3214 2912 3221 ῃ

956 3337 1061 3412 ἰίᾒῖ
1104 3332 1364 3413 1ΧΧ[.τυῇ.
1407 3357 1568 3396 marc.
1609 3331 1690 3410 vi]
1737 3356 1866 3394 vnc.
1914 3330 2059 3408 [cum
2102 3337 2285 3393 dimid.
2332 3328 2738 3411 paruemonete]

710 3382 859 3463 [ap]
913 3343 1206 3520 {lxxxxii
1248 3459 1425 3497 marc.
1462 3439 1718 3514 sterling.
1763 3437 2003 3514 argentj.

401 3689 466 3727 fol.
498 3689 534 3731 6.
563 3689 599 3727 b.
1445 3668 1668 3731 [Attende
1705 3668 1777 3720 ad
1809 3667 2145 3730 Restancias].

768 3777 945 3833 Anno
991 3776 1086 3851 diij
1129 3775 1432 3834 millesimo
1478 3783 1605 3834 ccc?
1648 3775 1838 3853 xxvij0.
1882 3785 1939 3834 et
1981 3775 2226 3851 septima
2265 3773 2355 3831 die
2378 3773 2590 3831 mensis
2627 3772 2982 3849 Septembris

599 3879 921 3954 recepimus
962 3898 1066 3936 nos
1108 3877 1284 3935 frater
1339 3878 1630 3937 Iohannes
1674 3880 1746 3936 de
1790 3878 2009 3938 Serone
2075 3886 2131 3934 et
2196 3877 2264 3934 B.
2332 3876 2403 3933 de
2463 3875 2681 3934 Ortolis
2746 3895 2800 3933 .a
2864 3875 2980 3931 dfio

601 3980 874 4056 episcopo
896 3979 1216 4039 Orcadensi
1251 3978 1489 4054 ‚lxxviij.
1534 3998 1757 4038 marcas
1791 3977 2201 4055 'sterlingorum
2240 3978 2591 4053 ponderatas
2635 3977 2711 4033 ad
2753 3977 2983 4052 pondus

599 4083 976 4141 Noricanum.
1023 4084 1093 4139 de
1139 4082 1562 4157 quinquaginta
1605 4079 1790 4139 tribus
1851 4078 2094 4137 marchis
2161 4079 2580 4152 sterlingorum.
2648 4079 2707 4135 in
2772 4077 2983 4153 quibus

599 4184 965 4242 restituendis
1011 4203 1237 4241 camere
1283 4182 1378 4257 d'fij
1423 4201 1577 4258 pape
1621 4181 1877 4257 prefatus
1923 4182 2232 4258 episcopus
2277 4178 2627 4240 Orcadensis
2672 4197 2779 4254 per
2844 4179 2978 4234 dfim

601 4285 856 4343 Elauum
902 4284 1401 4361 archiepiscopum
1424 4283 1860 4342 Nidrosiensem
1904 4280 2329 4341 sentencialiter
2367 4279 2636 4336 extiterat
2667 4280 2980 4353 condemp-

601 4395 788 4445 natus.
857 4405 931 4443 ex
975 4404 1044 4442 eo
1109 4385 1397 4444 videlicet.
1443 4385 1600 4461 quod
1645 4384 1833 4442 dictus
1878 4383 2184 4459 episcopus
2228 4380 2579 4440 Orcadensis
2624 4380 2697 4438 de
2741 4379 2979 4454 quibus-

680 4529 697 4559 ¹
737 4533 1039 4596 Oprindelig
1073 4533 1167 4581 har
1203 4534 1291 4581 der
1325 4533 1429 4581 kun
1475 4539 1642 4582 staaet
1679 4532 1923 4594 „Summa
1958 4531 2247 4580 debitorum
2303 4531 2436 4578 dicte
2490 4529 2682 4578 decime
2734 4529 2789 4577 in
2840 4527 2979 4576 dicto

737 4632 893 4679 regno
927 4616 1197 4679 Norwegie
1224 4611 1346 4678 est,“
1367 4632 1485 4666 men
1511 4609 1649 4678 „est“
1670 4631 1725 4665 er
1761 4622 2180 4677 overst1·cget,og
2217 4615 2315 4663 den
2352 4615 2516 4662 anden
2549 4612 2738 4662 Haand
2772 4613 2866 4662 har
2900 4611 2983 4660 til-

736 4701 866 4764 fojet
902 4716 1024 4766 „pro
1061 4714 1264 4750 camera
1299 4700 1389 4749 diii
1422 4715 1553 4764 pape
1589 4694 1714 4749 est.“
