3534 5361
1691 371 1807 429 189

551 548 817 601 noluerunt
850 552 1118 602 absoluere
1153 552 1328 603 naleas
1364 560 1416 602 et
1451 569 1566 603 cnm
1602 554 1674 603 eis
1711 567 1863 617 super
1911 551 2287 615 irregularitate
2344 550 2460 601 inde
2515 557 2781 601 contracta
2827 551 2928 599 dis-

553 651 767 699 pensare
802 644 954 702 prout
989 637 1183 687 uidebis
1229 638 1280 687 in
1324 637 1447 702 ipsis
1486 640 1665 688 litteris
1700 639 1901 701 plenius
1938 637 2201 688 contineri.
2271 637 2468 686 Datum
2505 631 2814 699 [Aninione]
2863 651 2925 684 π.

552 720 654 770 kal.
694 721 836 785 Junij
876 721 1203 786 pontificatus
1238 724 1399 772 nostri
1435 739 1569 773 anno
1606 724 2039 785 decimoseptimo.

1157 805 1282 853 (Ar-ch.
1319 806 1400 844 Vat.
1429 807 1520 854 Reg.
1549 808 1652 846 Secr.
1680 808 1766 846 Job.
1798 807 1911 844 xxn.
1942 817 2003 843 an.
2039 804 2095 845 17.
2126 816 2185 853 ep.
2212 799 2316 846 613).

1345 1032 1444 1088 82.
1539 1031 1719 1090 1333.
1808 1029 1964 1088 28de
2006 1028 2146 1088 Mai.

687 1143 948 1194 Johannes
985 1144 1251 1209 episcopus
1288 1161 1327 1195 s.
1365 1160 1405 1194 s.
1444 1146 1493 1195 d.
1530 1146 1792 1197 carissimo
1828 1147 1883 1195 in
1919 1144 2127 1197 Christo
2164 1146 2270 1196 filio
2293 1143 2487 1209 Magno
2524 1143 2633 1205 regi
2654 1142 2927 1207 Norwegie

552 1228 737 1279 illustri
773 1230 992 1279 salntem
1027 1236 1078 1278 et
1113 1231 1332 1294 apostol.
1370 1231 1620 1280 benedict.
1691 1231 1837 1281 Licet
1889 1247 2019 1296 pura
2076 1231 2261 1294 regalis
2314 1229 2601 1279 deuotionis
2661 1229 2925 1278 sinceritas

552 1329 652 1381 qua
687 1329 810 1377 erga
845 1329 939 1363 nos
975 1321 1028 1363 et
1062 1324 1294 1365 sanctam
1328 1317 1615 1365 Romanam
1652 1315 1921 1365 ecclesiam
1957 1316 2148 1365 clarere
2183 1316 2255 1365 fili
2293 1314 2551 1365 carissime
2570 1314 2795 1363 nosceris
2815 1321 2921 1362 tam

550 1400 843 1448 nuntiorum
877 1414 966 1462 per
999 1415 1091 1450 nos
1127 1401 1318 1449 dudum
1353 1402 1418 1449 ad
1455 1407 1625 1464 partes
1660 1416 1935 1463 regnorum
1970 1408 2176 1450 tuorum
2210 1416 2301 1465 pro
2338 1398 2487 1449 certis
2514 1397 2927 1447 transmissorum

551 1482 780 1546 negocijs
796 1499 947 1547 quam
969 1485 1187 1534 aliorum
1205 1485 1577 1548 fidedignorum
1597 1484 1748 1535 fuerit
1767 1486 1913 1535 nobis
1934 1492 1985 1535 et
2010 1485 2117 1535 sedi
2144 1484 2427 1548 apostolice
2448 1483 2663 1547 placidis
2683 1481 2926 1532 relatibus

547 1566 830 1628 manifesta,
865 1576 1015 1632 grata
1050 1578 1222 1619 tamen
1253 1569 1598 1619 insinuatione
1635 1570 1808 1620 dilecti
1841 1570 1931 1633 filij
1978 1569 2210 1632 magistri
2243 1568 2380 1617 Petri
2408 1559 2664 1630 Geruasij‘
2694 1566 2928 1617 canonici

549 1651 864 1702 Vinariensis
900 1654 1057 1703 nostri
1094 1666 1145 1703 et
1178 1653 1402 1704 eiusdem
1430 1655 1563 1704 sedis
1593 1655 1647 1703 in
1671 1656 1862 1704 eisdem
1895 1656 2124 1719 partibus
2159 1654 2329 1716 nuncij
2369 1653 2582 1702 eandem
2603 1652 2928 1702 deuotionem

551 1739 841 1801 regiamque
877 1739 1205 1803 prudenciam
1240 1740 1514 1789 multarum
1549 1740 1760 1790 laudum
1797 1739 2053 1804 preconijs
2091 1739 2388 1788 attollentes
2433 1744 2674 1802 percepto
2728 1737 2929 1786 nouiter

553 1823 688 1886 quod
721 1824 833 1886 ipsa
868 1823 1076 1873 deuotio
1112 1838 1218 1873 non
1254 1832 1332 1874 est
1370 1824 1618 1873 diminuta
1652 1826 1742 1874 sed
1778 1832 1932 1874 aucta
1967 1825 2106 1887 quod
2140 1825 2191 1872 in
2227 1824 2452 1886 benigna
2484 1823 2710 1871 eiusdem
2746 1836 2924 1886 recep·

554 1907 690 1956 tione
727 1907 896 1970 nuncij
936 1916 987 1957 et
1021 1910 1348 1972 expeditione
1383 1908 1654 1959 fauorabili
1688 1909 1977 1959 luculenter
2012 1907 2249 1973 apparuit
2304 1922 2395 1971 per
2452 1905 2690 1956 effectum
2744 1908 2927 1957 exinde

554 1992 690 2055 regie
727 1992 1012 2041 celsitudini
1047 1995 1333 2057 graciarum
1387 1993 1649 2043 referimus
1703 1994 1883 2043 uberes
1938 1994 2187 2053 actiones,
2240 1991 2464 2057 prompti
2517 1998 2761 2055 quantum
2811 2007 2929 2041 cum

555 2077 649 2125 deo
687 2078 960 2140 poterimus
998 2080 1061 2127 ad
1099 2094 1159 2127 ea
1195 2094 1290 2142 que
1327 2088 1468 2128 tuum
1506 2087 1558 2127 et
1592 2094 1867 2141 regnorum
1903 2085 2106 2127 tuorum
2140 2078 2211 2127 fili
2260 2078 2603 2125 amantissime
2656 2077 2931 2141 respiciant

554 2162 876 2210 commodum
913 2170 966 2211 et
999 2163 1263 2224 honorem,
1301 2164 1668 2213 excellenciam
1703 2164 1899 2227 regiam
1934 2162 2187 2212 attencius
2223 2164 2553 2225 deprecantes
2591 2163 2825 2225 quatinus
2877 2160 2927 2209 in

552 2246 843 2296 huiusmodi
879 2248 1154 2297 deuotione
1190 2264 1286 2312 que
1323 2260 1370 2298 tc
1409 2250 1505 2297 deo
1543 2256 1595 2297 et
1629 2250 1853 2312 predicte
1891 2250 1997 2298 sedi
2034 2247 2373 2311 acceptiorem
2393 2244 2580 2295 efficiet
2600 2260 2929 2310 perseueran-

555 2339 631 2379 ter
666 2340 716 2380 te
752 2340 929 2381 tenens
964 2342 1301 2384 memoratum
1335 2336 1567 2382 nuntium
1603 2341 1655 2383 et
1688 2333 1906 2396 negocia
1940 2333 2035 2382 sibi
2071 2334 2344 2383 commissa
2377 2331 2565 2380 habeat
2599 2330 2786 2394 regalis
2845 2331 2929 2379 be-

554 2416 844 2467 niuoleneia
876 2432 1017 2467 more
1052 2419 1208 2469 solito
1233 2418 1583 2468 fauorabiliter
1617 2420 2041 2469 commendatum.
2112 2417 2306 2467 Datum
2339 2425 2391 2466 ut
2425 2432 2591 2481 supra.

1160 2499 1292 2547 (Arch.
1321 2503 1408 2541 Vnt.
1440 2503 1530 2549 neg.
1561 2502 1665 2543 Secr.
1693 2503 1777 2541 Joh.
1807 2503 1919 2540 xxn.
1950 2512 2009 2539 an.
2041 2500 2100 2539 ¹7.
2129 2512 2189 2549 ep.
2218 2496 2322 2545 (314).

1348 2730 1446 2788 83.
1540 2729 1719 2787 1333.
1808 2728 1963 2787 28de
2006 2726 2148 2785 Mai.

691 2841 955 2892 «Iohannes
991 2843 1142 2906 episc.
1181 2858 1220 2891 s.
1258 2859 1296 2892 s.
1336 2845 1382 2894 d.
1423 2845 1609 2894 dilecto
1644 2844 1752 2893 filio
1789 2843 2035 2906 magistro
2070 2842 2225 2892 Petro
2266 2839 2498 2903 Geruasij
2548 2841 2792 2890 canonico
2826 2840 2929 2890 Vi-

557 2927 776 2976 uariensi
812 2928 1097 2991 apostolice
1133 2930 1266 2977 sedis
1302 2930 1488 2978 nuncio
1537 2929 1754 2977 salutem
1809 2936 1860 2977 et
1918 2935 2081 2991 apost.
2111 2916 2383 2977 benedict.
2469 2925 2676 2999 Dvdum
2726 2925 2931 2989 petendi

555 3012 795 3074 exigendi
831 3020 884 3061 et
917 3013 1256 3075 recipiendia
1292 3013 1499 3075 prelatis
1549 3028 1609 3061 ac
1661 3011 1893 3076 personis
1948 3019 1998 3061 et
2055 3011 2185 3061 locis
2245 3009 2600 3060 ecclesiasticis
2658 3025 2931 3074 regnorum

554 3095 822 3159 Norwcgie
859 3107 911 3146 et
945 3096 1129 3147 Swetie
1164 3097 1414 3147 decimam
1448 3097 1780 3147 sexannalem
1818 3097 1940 3146 olim
1977 3111 2068 3161 per
2102 3094 2266 3145 felicis
2301 3094 2673 3145 recordationis
2694 3094 2932 3145 Clemen-

555 3187 657 3229 tem
692 3197 879 3245 papam
915 3197 975 3229 .v.
1014 3183 1425 3246 predecessorem
1462 3190 1694 3233 nostrum
1728 3180 2020 3245 impositam
2053 3182 2107 3229 in
2142 3180 2358 3230 consilio
2392 3178 2674 3229 Viennensi
2709 3179 2763 3228 in
2800 3188 2931 3229 terre

555 3273 731 3314 sancte
767 3267 1049 3316 subsidium
1083 3275 1134 3316 et
1168 3267 1294 3316 alias
1332 3275 1511 3317 contra
1546 3267 1758 3316 rebelles
1796 3274 1847 3316 et
1881 3265 2114 3315 inimicos
2152 3265 2404 3315 catholice
2455 3264 2573 3314 fidei
2633 3271 2932 3314 conuerten-

556 3350 673 3398 dam
707 3365 797 3399 seu
832 3351 1034 3399 residua
1068 3351 1226 3415 ipsius
1263 3353 1457 3401 decime
1492 3351 1541 3399 in
1580 3352 1770 3401 eisdem
1821 3351 2008 3414 regnis⁴
2044 3350 2214 3400 debita
2266 3350 2357 3398 tibi
2411 3351 2473 3400 de
2525 3351 2668 3399 cuius
2720 3349 2933 3398 circnm-

556 3435 816 3498 spectione
853 3451 912 3485 ac
950 3436 1197 3485 fidelitate
1232 3435 1533 3485 confidimus
1568 3450 1660 3500 per
1695 3442 1897 3485 nostras
1934 3436 2062 3485 alias
2098 3433 2222 3484 certi
2260 3435 2447 3485 tenoris
2484 3434 2679 3484 litteras
2724 3449 2935 3484 conces-

554 3520 679 3569 sisse
714 3521 1032 3570 meminimus
1068 3528 1392 3584 potestatem.
1462 3520 1598 3569 Sane
1652 3520 1772 3584 quia
1823 3520 1955 3569 sicut
2014 3520 2301 3582 accepimus
2360 3519 2592 3569 nonnulli
2648 3519 2832 3582 prelati
2883 3526 2935 3568 et

552 3619 770 3668 persone
805 3619 1079 3668 regnorum
1112 3607 1454 3670 predictorum
1490 3605 1832 3654 ecclesiastice
1869 3619 2071 3654 necnon
2106 3604 2333 3668 capitula
2366 3605 2588 3668 collegia
2624 3611 2676 3654 et
2710 3619 2933 3654 conuen-

555 3697 636 3738 tus
669 3705 762 3753 pro
801 3705 862 3739 eo
899 3691 1036 3754 quod
1069 3691 1318 3740 decimam
1353 3690 1517 3753 ipsam
1551 3690 1636 3738 uel
1671 3689 1779 3738 eius
1815 3691 2018 3738 residua
2054 3689 2259 3739 statutis
2294 3690 2363 3738 ad
2397 3690 2497 3738 hoc
2546 3690 2771 3738 terminis
2831 3704 2932 3738 non

555 3774 821 3824 soluerunt
854 3789 943 3839 per
979 3775 1175 3825 litteras
1211 3783 1263 3825 et
1297 3777 1582 3836 processus
1604 3774 1915 3824 auctoritate
1950 3773 2237 3838 apostolica
2270 3774 2472 3823 habitos
2520 3774 2934 3823 excommunica-

555 3859 706 3907 tionis
741 3858 1086 3922 suspensionis
1123 3859 1208 3907 uel
1242 3860 1495 3908 interdicti
1532 3860 1810 3908 sententias
1845 3859 2183 3919 incurrerunt,
2203 3866 2254 3908 et
2289 3873 2465 3908 eorum
2500 3859 2618 3908 loca
2653 3864 2704 3907 et
2721 3858 2935 3907 ecclesie

555 3943 824 3992 occasione
881 3944 1030 3991 simili
1067 3943 1412 3993 ecclesiastico
1451 3943 1715 3993 subiacent
1749 3942 2036 3992 interdicto.
2107 3943 2215 3992 Nos
2265 3943 2495 3992 uolentes
2550 3944 2833 3992 animarum
2881 3945 2934 3992 in

555 4028 654 4075 hac
689 4035 834 4090 parte
869 4027 1107 4089 periculis
1145 4029 1353 4076 obuiare
1390 4028 1682 4077 discretioni
1719 4035 1805 4077 tue
1844 4037 1900 4076 ut
1936 4037 2209 4092 postquam
2264 4029 2445 4091 prelati
2500 4035 2551 4077 et
2602 4043 2819 4091 persone
2873 4043 2935 4076 ac

556 4109 782 4174 capitula
817 4110 1037 4174 collegia
1073 4120 1124 4160 et
1161 4119 1445 4162 conuentus
1481 4113 1711 4176 predicta
1747 4113 1836 4161 tibi
1873 4114 2076 4162 nomine
2112 4121 2290 4163 nostro
2338 4120 2390 4162 et
2442 4113 2657 4162 ecclesie
2706 4114 2934 4162 Romane

556 4197 618 4244 de
655 4194 852 4244 decima
886 4196 971 4244 uel
1021 4196 1234 4246 residuis
1287 4196 1524 4260 predict-is
1567 4197 1767 4260 plenam
1825 4204 1876 4245 et
1927 4197 2178 4259 integram
2231 4197 2634 4247 satisfactionem
2695 4198 2937 4247 duxerint

556 4280 943 4344 impendendam
980 4281 1169 4329 eisdem
1205 4281 1510 4330 auctoritate
1547 4290 1724 4331 nost-ra
1760 4281 1822 4329 de
1859 4281 2195 4331 absolutionis
2233 4291 2284 4330 et
2319 4282 2652 4331 relaxationis
2688 4282 2935 4331 beneficio

555 4365 619 4413 ab
656 4365 846 4413 eisdem
882 4364 1154 4428 sentencijs
1189 4366 1337 4414 iuxta
1373 4365 1589 4415 sormam
1626 4366 1838 4415 ecclesie
1873 4366 2047 4415 ualeas
2083 4366 2372 4429 prouidere,
2408 4380 2526 4415 cum
2579 4367 2769 4416 eisdem
2822 4381 2935 4430 per-

554 4451 690 4499 sonis
728 4465 823 4513 que
861 4449 1007 4499 dictis
1043 4450 1198 4513 ligate
1235 4450 1509 4513 sentencijs
1546 4451 1853 4501 celebrando
1888 4452 2061 4499 diuina
2097 4452 2181 4500 uel
2230 4451 2512 4500 imiscendo
2561 4466 2615 4500 se
2668 4451 2771 4500 illis
2830 4465 2935 4500 non

558 4543 728 4584 tamen
763 4534 815 4583 in
850 4541 1197 4598 contemptum
1232 4535 1455 4583 clauium
1493 4535 1882 4597 irregularitatis
1920 4542 2292 4584 contraxerunt
2328 4536 2582 4584 maculam
2618 4537 2797 4585 eadem
2816 4551 2935 4584 auc-

557 4619 765 4668 toritate
801 4619 1197 4668 misericorditer
1233 4620 1572 4682 dispensando
1608 4627 1659 4668 et
1694 4621 1766 4670 eis
1805 4620 2110 4682 iniungendo
2150 4620 2285 4682 quod
2322 4620 2382 4668 de
2418 4620 2527 4669 iure
2565 4620 2751 4669 uideris
2771 4620 2935 4668 iniun-

559 4705 779 4766 gendum
816 4704 1017 4767 plenam
1054 4705 1378 4753 concedimus
1415 4706 1722 4754 auctoritate
1756 4705 2065 4768 presentium
2102 4703 2417 4753 facultatem.
2491 4702 2746 4753 Volumus
2766 4711 2932 4751 autem
