3534 5361
379 1996 445 2032 fol.
462 1994 563 2031 sah.

1721 358 1804 420 84

573 551 704 610 inde
749 556 822 612 ab
867 553 1009 629 ipsis
1051 553 1309 629 recipere
1353 561 1410 608 te
1456 549 1770 624 continget,
1815 567 1922 605 nec
1966 567 2078 604 non
2127 555 2183 603 et
2228 544 2308 602 eis
2373 564 2408 601 a
2466 541 2767 619 quibusuis
2830 539 2946 615 spi-

573 654 876 712 ritualibus
917 654 1224 711 sentenciis
1267 671 1411 727 quas
1457 670 1562 725 pro
1608 671 1677 707 eo
1721 649 2097 706 incurrissent
2140 646 2296 722 quod
2342 643 2667 700 huiusmodi
2714 642 2949 713 fructus‚

573 756 830 812 redditus
877 765 933 811 et
977 765 1292 831 prouentus
1334 751 1430 809 uel
1490 752 1721 808 residua
1787 750 1844 806 in
1908 748 2137 806 statutis
2203 747 2275 802 ad
2342 747 2451 802 hoc
2519 742 2773 800 terminis
2838 761 2951 798 non

573 856 880 914 soluissent
921 854 1264 912 beneficium
1311 852 1699 909 absolucionis
1743 852 1908 907 iuxta
1946 848 2186 906 ecclesie
2210 846 2449 904 formam
2476 844 2795 919 impendas,
2822 862 2953 899 cum

575 958 656 1014 eis
699 976 872 1031 super
915 955 1338 1031 irregularitate
1385 973 1558 1029 quam
1603 952 1762 1026 ligati
1812 951 1978 1009 dictis
2023 949 2327 1008 sentenciis
2359 946 2726 1013 celebrandO,
2755 943 2955 999 diuina

576 1058 670 1114 uel
715 1058 1087 1115 immiscendo
1132 1075 1193 1112 se
1237 1055 1349 1111 illis
1395 1054 1633 1112 forsitan
1679 1052 2120 1121 contraxissent,
2162 1049 2506 1107 auctoritate
2543 1057 2740 1102 nostra
2774 1044 2952 1101 nichi-

575 1159 822 1217 lominus
867 1157 1310 1216 misericorditer
1366 1157 1772 1231 dispensando.
1842 1153 2062 1209 Datum
2132 1151 2423 1208 Auinione
2490 1148 2607 1222 .iiij.
2675 1145 2953 1202 kalendas

575 1260 876 1334 Februarij
922 1260 1303 1316 Pontificatus
1349 1259 1527 1315 nostri
1574 1278 1724 1314 anno
1775 1255 1917 1329 .xvj‘!

744 1362 1006 1435 Quarum
1054 1362 1399 1418 auctoritate
1436 1360 1492 1415 in
1548 1360 1809 1434 predicto
1877 1356 2195 1432 procedens
2259 1354 2500 1428 negocio
2568 1373 2676 1429 ego
2743 1357 2954 1415 Petrus

576 1461 846 1536 Geruasij
893 1463 1263 1539 supradictus
1304 1460 1496 1536 recepi
1544 1459 1823 1534 pecunias
1863 1456 2274 1531 infrascriptas.

649 1972 758 2047 De
825 1974 1139 2072 receptis
1205 1997 1293 2047 ex
1360 1969 1712 2046 fructibus
1780 1969 2303 2045 beneficiorum
2362 1973 2783 2044 vacancium
2832 1973 2895 2045 in

1450 2105 1716 2203 Regno
1785 2104 2086 2181 Suecie.

751 2291 926 2346 Anno
973 2289 1069 2345 dfii
1115 2296 1216 2345 ‚m‘t
1263 2296 1390 2346 ccc0.
1434 2288 1622 2362 xxxij‘!
1668 2288 1759 2344 die
1809 2287 1904 2362 .iij.
1953 2286 2163 2343 mensis
2208 2287 2580 2343 Nouembris.
2651 2288 2865 2363 Recepi
2926 2308 2961 2344 a

583 2390 709 2447 dnis
753 2391 1028 2465 Haquino
1075 2391 1373 2448 Benedicti
1424 2389 1703 2448 canonico
1770 2389 2012 2446 ecclesie
2058 2388 2356 2446 Scarensis
2416 2397 2473 2445 et
2540 2389 2759 2446 Karolo
2828 2410 2958 2464 per·

581 2510 723 2548 sona
769 2492 1010 2549 ecclesie
1057 2491 1424 2550 Hwalstatha
1484 2491 1782 2550 Scarensis
1850 2489 2113 2560 diocesis,
2178 2488 2603 2548 Collectoribus
2669 2489 2959 2548 fructuum

583 2601 640 2647 et
683 2593 1012 2649 reddituum
1058 2594 1224 2668 primi
1271 2594 1402 2649 anni
1449 2593 1858 2649 beneficiorum
1904 2591 2247 2676 vacancium
2292 2612 2327 2647 a
2368 2590 2630 2649 kalendis
2694 2593 2958 2667 Septem-

580 2694 712 2764 bris,
761 2715 911 2751 anno
957 2697 1325 2770 pontificatus
1371 2696 1465 2751 dni
1515 2715 1664 2769 pape
1701 2694 1988 2752 «Iohannis
2027 2702 2108 2750 ‚x‘l
2155 2714 2256 2769 per
2290 2694 2592 2750 Biennium
2624 2693 2677 2749 in
2706 2694 2960 2753 Ciuitate

581 2804 637 2851 et
682 2796 894 2854 diocesi
942 2797 1213 2872 predictis
1257 2796 1637 2855 Scarensibus
1681 2815 1786 2871 per
1828 2796 2013 2869 ipsum
2083 2796 2217 2852 d'nm
2279 2806 2536 2852 nostrum
2603 2815 2817 2870 papam
2884 2797 2957 2853 ad

581 2915 717 2955 vsus
762 2917 988 2955 camere
1033 2918 1135 2955 sue
1179 2908 1602 2954 reseruatorum
1653 2925 1728 2933 ——
1779 2915 1899 2953 .ccc
1961 2916 2135 2954 marc.
2181 2908 2237 2953 et
2283 2895 2357 2969 .ij.
2403 2916 2533 2953 oras
2578 2898 2793 2955 vsualis
2839 2916 2959 2954 mo-

584 3009 711 3055 nete
753 2998 1018 3057 Sueuice.
1105 3018 1209 3073 per
1251 2997 1407 3072 ipsos
1453 2998 1728 3054 collectas
1775 2998 1845 3053 de
1891 2998 2058 3055 dictis
2104 2997 2401 3056 fructibus.

1224 3100 1471 3175 Recepit
1501 3098 1954 3172 jnstrumentum
2000 3099 2319 3156 Johanncs.

750 3302 898 3358 Item
941 3322 1092 3359 anno
1137 3324 1172 3358 a
1214 3301 1541 3359 Natiuitate
1586 3301 1683 3358 dfii
1731 3299 1835 3357 .m⁰.
1880 3309 2007 3358 ccc‘!
2052 3300 2262 3374 xxxiij‘!
2308 3302 2400 3357 die
2448 3301 2569 3375 ,vije
2614 3303 2823 3359 mensis
2853 3302 2959 3360 Ja-
3005 3367 3010 3371 ¹

584 3403 786 3477 nuarij.
828 3404 1046 3479 Recepi
1093 3424 1129 3460 a
1174 3404 1288 3460 d'fio
1335 3403 1628 3478 Episcopo
1676 3402 2029 3460 Vexionensi
2077 3423 2180 3477 per
2226 3422 2427 3460 manus
2486 3404 2733 3460 dfiorum
2776 3405 2959 3479 Jnge-

583 3504 728 3560 mari
775 3514 832 3560 et
877 3504 1153 3580 Botulphi
1198 3504 1538 3561 clericorum
1597 3504 1734 3561 dicti
1799 3506 1895 3561 dfii
1964 3504 2243 3579 Episcopi
2311 3505 2381 3560 de
2449 3504 2729 3562 fructibus
2792 3507 2960 3581 primi

584 3606 719 3662 anni
764 3606 1169 3663 beneficiorum
1218 3606 1559 3662 vacancium
1602 3606 1659 3662 in
1707 3606 1941 3663 ciuitate
1984 3617 2040 3662 et
2085 3606 2299 3663 diocesi
2350 3607 2812 3663 Vexionensibus
2863 3627 2966 3682 per

584 3707 893 3764 Biennium
937 3736 1015 3744 —-
1065 3706 1198 3782 xvj.
1249 3727 1424 3763 marc.
1475 3717 1529 3763 et
1577 3707 1668 3781 .vj.
1717 3728 1849 3765 oras
1893 3707 2112 3765 vsualis
2158 3721 2383 3763 monete
2430 3708 2697 3767 Sueuice.

1233 3808 1479 3883 Recepit
1509 3807 1959 3882 jnst-rumentum
2006 3809 2320 3866 Joliannes.

753 4011 900 4067 Item
946 4030 1097 4067 anno
1141 4031 1257 4086 quo
1298 4030 1474 4086 supra
1520 4011 1612 4067 die
1655 4010 1797 4086 .viij¹!
1844 4012 2055 4069 mensis
2096 4012 2357 4087 predicti.
2449 4012 2666 4087 Recepi
2712 4014 2787 4070 ab
2838 4013 2964 4089 ipso

586 4112 702 4167 diio
745 4112 1041 4187 Episcopo
1082 4112 1438 4169 Vexionensi
1486 4132 1589 4187 per
1641 4132 1848 4170 manus
1893 4112 2179 4170 dictorum
2226 4112 2565 4170 clericorum
2610 4133 2846 4172 suorum
2895 4115 2966 4171 de

585 4211 864 4271 fructibus
908 4213 1075 4289 primi
1122 4214 1257 4269 anni
1300 4214 1709 4271 beneficiorum
1755 4213 2098 4271 vacancium
2147 4234 2251 4289 per
2282 4215 2620 4272 Triennium
2665 4214 2721 4271 in
2752 4215 2964 4273 eisdem

587 4314 823 4371 ciuitate
868 4325 924 4371 et
968 4315 1185 4372 diocesi
1230 4315 1696 4372 Vexionensibus
1742 4341 1822 4349 --
1866 4314 2001 4388 .xvj.
2029 4335 2204 4373 marc.
2229 4327 2285 4372 et
2308 4315 2401 4390 .vj.
2430 4335 2514 4373 or.
2543 4318 2695 4375 dicte
2720 4327 2966 4375 monete.

1251 4417 1496 4492 Recepit
1519 4416 1970 4491 justi-umentum
2014 4417 2295 4476 Jacobus.

756 4603 910 4659 Item
949 4621 1100 4658 anno
1146 4620 1263 4678 quo
1306 4622 1503 4677 supra.
1551 4604 1642 4660 die
1686 4601 2123 4677 ‚viij.Janua1·ij.
2212 4604 2433 4679 Recepi
2479 4623 2515 4660 a
2552 4603 2668 4661 dfio
2703 4604 2966 4662 Haraldo

586 4703 879 4782 preposito
926 4703 1270 4780 Lincopensi
1316 4703 1753 4763 Subcollectore
1800 4704 2089 4761 fructuum
2134 4704 2301 4780 primi
2347 4705 2479 4762 anni
2545 4706 2956 4764 beneficiorum
