3534 5361
1636 377 1752 439 167

504 575 675 618 autem
711 568 909 618 decima
942 567 1055 631 ipsa
1089 565 1141 614 in
1175 564 1410 614 Norweie
1447 563 1640 614 Swecie
1677 570 1728 612 et
1764 562 1926 614 Gocie
1962 566 2131 628 regnis
2167 580 2258 629 per
2291 566 2515 630 prelatos
2552 566 2883 617 ecclesiarum

503 654 555 701 in
590 654 760 714 regnis
796 651 1131 702 consistentes
1168 650 1356 699 eisdem
1392 648 1477 697 uel
1512 648 1840 697 eeclesiarum
1867 650 2090 713 ipsarum
2116 650 2340 713 capitula
2364 666 2453 701 seu
2473 652 2775 702 collectores
2794 661 2883 702 aut

504 735 900 786 subcollectores
934 735 1121 784 ibidem
1156 733 1462 783 auctoritate
1499 734 1769 797 deputatos
1804 733 2034 797 predicta
2067 749 2159 797 pro
2218 750 2406 798 magna
2461 744 2605 800 parte
2665 738 2884 787 collecta

502 819 659 871 fuisse
696 820 910 880 dicatur,
945 835 1042 869 nos
1076 818 1311 867 uolentes
1347 818 1487 880 quod
1523 818 1747 866 eiusdem
1784 817 2001 881 pecunia
2058 818 2250 868 decime
2307 821 2357 868 in
2415 821 2655 883 predictis
2714 824 2883 885 regnis

503 906 723 955 collecta
757 913 809 955 et
843 906 998 955 etiam
1033 903 1325 966 colligenda
1357 903 1505 951 iuxta
1564 901 1956 966 disposicionem
2014 904 2146 952 sedis
2207 904 2487 968 apostolice
2545 906 2884 971 dispensanda

501 989 717 1040 fideliter
751 996 1080 1039 conseruetur
1115 1002 1175 1037 ac
1211 988 1272 1036 de
1309 993 1476 1036 uestre
1512 986 1981 1050 circumspectionis
2016 989 2265 1038 industria
2306 989 2510 1051 plenam
2569 992 2620 1040 in
2674 992 2880 1040 domino

503 1074 739 1123 fiduciam
775 1072 1076 1133 obtinentes,
1121 1071 1414 1121 discretioni
1467 1077 1635 1120 uestre
1687 1086 1777 1135 per
1829 1072 2119 1135 apostolica
2171 1075 2362 1139 scripta
2416 1075 2777 1125 committimus
2832 1082 2884 1124 et

501 1160 804 1208 mandamus
841 1158 1076 1222 quatinus
1112 1156 1177 1205 ab
1211 1157 1445 1206 omnibus
1480 1156 1691 1218 prelatis
1727 1164 1779 1205 et
1829 1156 2160 1206 ecclesiarum
2212 1157 2579 1207 cathedralium
2631 1160 2882 1208 dictorum

500 1255 773 1305 regnorum
809 1242 1048 1307 capitulis
1083 1240 1300 1303 alijsque
1336 1242 1561 1305 predicte
1598 1241 1792 1290 decime
1830 1240 2190 1290 collectoribus
2227 1250 2280 1291 et
2315 1242 2769 1293 subcollectoribus
2796 1245 2882 1294 de-

501 1329 690 1392 putatis
725 1327 779 1376 in
814 1326 982 1390 regnis
1020 1326 1259 1390 predictis
1293 1339 1493 1375 necnon
1528 1332 1581 1375 et
1615 1326 1776 1390 ipsius
1814 1326 2009 1375 decime
2045 1325 2249 1375 residua
2283 1326 2429 1390 siqua
2461 1325 2636 1377 forsan
2693 1328 2880 1377 ibidem

500 1412 790 1475 colligenda
824 1420 1073 1462 restarent
1104 1427 1196 1477 per
1229 1426 1323 1460 uos
1358 1410 1445 1459 uel
1495 1410 1653 1460 alium
1711 1411 1818 1458 siue
1873 1410 2002 1459 alios
2055 1419 2226 1474 petere
2278 1413 2484 1475 exigere
2538 1412 2781 1475 colligere
2832 1420 2882 1462 et

499 1497 724 1560 recipere
756 1504 934 1547 nostro
971 1506 1023 1547 et
1057 1496 1271 1547 ecclesie
1304 1496 1535 1545 Romane
1571 1495 1777 1544 nomine
1812 1510 1929 1544 cum
1964 1495 2255 1558 integritate
2292 1496 2479 1546 curetis
2513 1496 2739 1560 prelatos
2798 1511 2881 1545 ca·

499 1581 677 1645 pitula‚
713 1580 1016 1630 collectores
1055 1586 1107 1628 et
1138 1580 1534 1629 subcollectores
1569 1579 1859 1629 huiusmodi
1897 1589 1950 1629 et
2000 1579 2205 1643 quosuis
2259 1581 2386 1631 alios
2440 1581 2505 1630 ad
2558 1596 2686 1644 quos
2745 1580 2883 1631 dicta

499 1666 714 1730 pecunia
749 1665 1136 1730 quomodolibet
1170 1663 1502 1729 peruenisset,
1537 1665 1602 1712 ad
1638 1663 1781 1713 illam
1817 1664 1961 1713 uobis
1997 1665 2359 1727 assignandam
2408 1680 2606 1715 necnon
2656 1665 2881 1729 prelatos

498 1750 636 1815 ipsos
673 1758 724 1800 et
758 1764 1098 1814 quascumque
1134 1763 1379 1813 personas
1417 1749 1801 1810 ecclesiasticaS‚
1841 1749 1907 1797 ad
1960 1749 2097 1798 dicta
2154 1750 2361 1799 residua
2418 1750 2732 1813 integraliter
2766 1766 2880 1814 per-

500 1835 750 1885 soluenda
785 1841 938 1899 prout
972 1835 1109 1896 ipsos
1146 1834 1212 1881 ad
1247 1834 1344 1882 hoc
1380 1833 1538 1883 teneri
1560 1825 1819 1883 *noueritis
1852 1834 2154 1884 auctoritate
2173 1842 2350 1884 nostra
2368 1835 2711 1900 appellatione
2729 1844 2880 1899 post-

498 1921 670 1984 posita
705 1919 1072 1984 compellendo.
1143 1916 1259 1966 Non
1296 1918 1530 1967 obstante
1566 1918 1608 1967 si
1645 1919 1717 1968 eis
1752 1918 1838 1967 uel
1875 1933 2051 1967 eorum
2086 1919 2338 1982 aliquibus
2398 1920 2736 1969 communiter
2796 1920 2879 1969 uel

500 2004 702 2053 diuisim
737 2006 801 2055 ab
838 2006 1016 2054 eadem
1052 2003 1120 2053 sit
1154 2004 1273 2052 sede
1309 2003 1558 2052 indultum
1594 2004 1728 2066 quod
1763 2004 1996 2052 interdici
2032 2003 2287 2066 suspendi,
2325 2004 2409 2053 uel
2445 2005 2877 2054 excommunicari

497 2103 603 2138 non
637 2090 838 2154 possint
870 2104 963 2155 per
997 2089 1191 2138 litteras
1228 2088 1538 2151 apostolicas
1574 2101 1677 2136 non
1713 2086 1958 2137 facientes
1993 2088 2197 2150 plenam
2245 2095 2297 2138 et
2348 2103 2647 2154 expressam
2700 2104 2761 2139 ac
2814 2090 2876 2138 de

496 2174 654 2223 uerbo
693 2173 758 2222 ad
794 2174 1005 2223 uerbum
1042 2175 1104 2222 de
1138 2172 1339 2222 indulto
1374 2171 1664 2221 huiusmodi
1699 2172 2026 2222 mentionem.
2096 2170 2205 2221 Nos
2242 2173 2376 2222 enim
2405 2174 2552 2223 uobis
2572 2184 2625 2223 et
2650 2181 2877 2223 uestrum

495 2258 704 2308 cuilibet
737 2257 1012 2308 insolidum
1046 2258 1295 2322 premissa
1329 2256 1500 2306 omnia
1535 2255 1753 2305 faciendi
1791 2264 1842 2305 et
1887 2257 2113 2319 plenarie
2168 2258 2453 2320 exequendi
2503 2274 2597 2307 nec
2649 2273 2753 2308 non
2812 2259 2877 2307 ab

497 2344 685 2393 eisdem
718 2343 929 2407 prelatis
965 2342 1202 2407 capitulis
1239 2341 1600 2391 collectoribus
1637 2352 1690 2390 et
1722 2338 2183 2391 subcollectoribus
2220 2341 2444 2391 rationes
2481 2358 2634 2408 super
2690 2343 2878 2393 collec-

498 2428 633 2478 tione
670 2428 865 2477 decime
900 2427 1188 2491 supradicte
1223 2426 1479 2487 audiendi‚
1515 2440 1705 2490 eosque
1763 2426 1991 2489 quitandi
2043 2434 2094 2475 et
2150 2426 2452 2476 absoluendi
2509 2429 2571 2477 de
2623 2426 2724 2490 hijs
2779 2443 2875 2490 que

496 2512 785 2577 receperitis
822 2511 887 2560 ab
922 2510 1111 2560 eisdem
1147 2510 1220 2559 ita
1255 2518 1426 2560 tamen
1463 2512 1598 2574 quod
1643 2525 1796 2575 super
1853 2510 2068 2574 singulis
2122 2510 2554 2572 assignationibus
2613 2514 2715 2562 duo
2766 2513 2873 2561 fieri

496 2596 694 2648 faciatis
731 2595 1017 2645 consimilia
1048 2594 1254 2658 publica
1286 2595 1638 2655 instrumenta,
1675 2610 1892 2660 quorum
1946 2596 2108 2644 altero
2162 2610 2315 2660 penes
2366 2596 2503 2660 ipsos
2556 2597 2874 2660 assignantes

496 2684 703 2733 dimisso
738 2682 985 2744 reliquum
1023 2682 1088 2729 ad
1124 2689 1354 2730 nostram
1389 2696 1644 2731 cameram
1680 2679 2051 2741 transmittatis,
2081 2678 2284 2745 plenam
2321 2690 2373 2731 et
2407 2682 2620 2732 liberam
2655 2684 2875 2733 auctori·

496 2775 601 2817 tate
634 2766 943 2831 presentium
968 2766 1288 2816 concedimus
1307 2764 1622 2815 facultatem.
1692 2764 1953 2814 Volumus
1971 2771 2144 2814 autem
2168 2767 2304 2829 quod
2329 2767 2391 2815 de
2409 2768 2638 2831 predicta
2660 2769 2876 2833 pecunia

495 2852 696 2902 faciatis
732 2860 784 2901 et
817 2851 1059 2901 ordinetis
1094 2857 1247 2915 prout
1280 2850 1334 2899 in
1370 2849 1485 2913 alijs
1522 2849 1711 2900 nostris
1754 2850 1903 2900 uobis
1941 2850 2143 2899 directis
2181 2866 2333 2916 super
2367 2852 2468 2901 hoc
2519 2853 2701 2903 litteris
2755 2868 2874 2904 con-

494 2937 700 2987 tinetur.
768 2937 964 2986 Datum
1000 2934 1258 2985 Auinione
1294 2935 1407 2985 idus
1454 2934 1681 2999 Augusti
1714 2935 2042 3000 pontificatus
2079 2935 2237 2984 nostri
2275 2951 2410 2985 anno
2447 2936 2660 2987 decimo.

907 3018 1042 3062 (Ar-ch.
1072 3019 1157 3057 Vnt.
1188 3019 1278 3065 neg.
1312 3011 1526 3058 secr.'Joh.
1556 3017 1676 3057 xxn.
1708 3018 1748 3057 Τ.
1777 3018 1825 3058 V.
1856 3029 1916 3058 sn.
1946 3019 1993 3056 X.
2025 3018 2089 3055 fol.
2125 3018 2215 3058 372.
2247 3029 2305 3067 ep.
2333 3016 2468 3062 2191).

1234 3244 1330 3301 50.
1423 3244 1599 3302 1326.
1696 3243 1847 3302 13de
1889 3243 2142 3319 August.

629 3359 892 3409 Johannes
929 3359 1199 3423 episcopus
1242 3374 1281 3407 s.
1319 3374 1358 3408 s.
1397 3359 1444 3408 d.
1483 3359 1681 3408 dilectis
1716 3358 1837 3421 filijs
1874 3358 2103 3408 Johanni
2136 3360 2200 3407 de
2236 3359 2426 3409 Serone
2460 3359 2616 3424 priori
2652 3375 2871 3411 conuen-

496 3453 576 3491 tus
613 3443 828 3493 fratrum
862 3444 1052 3493 ordinis
1089 3443 1462 3507 predicatorum
1501 3445 1562 3493 de
1595 3443 1812 3505 Figiaco
1850 3442 2179 3493 caturcensis
2216 3454 2268 3492 et
2300 3443 2563 3494 Bernardo
2594 3447 2656 3495 de
2678 3447 2871 3498 Ortolis

494 3528 676 3578 rectori
712 3529 926 3578 ecclesie
963 3530 1025 3578 de
1060 3527 1343 3578 Noualibus
1372 3528 1661 3577 Electensis
1697 3527 1977 3577 diocesium
2013 3528 2295 3592 apostolice
2330 3530 2464 3579 sedis
2500 3531 2699 3594 nuncijs
2735 3533 2872 3582 salu·

495 3620 597 3662 tem
633 3620 684 3662 et
719 3620 884 3679 apost.
908 3612 1161 3663 benedict.
1230 3613 1312 3662 De
1347 3620 1514 3662 uestre
1549 3612 2018 3677 circumspectionis
2053 3613 2303 3662 industria
2335 3614 2540 3679 plenam
2574 3616 2627 3663 in
2662 3616 2870 3667 domino

493 3699 732 3747 fiduciam
769 3699 1074 3757 obtinenteS‚
1109 3697 1331 3762 petendi,
1368 3696 1657 3761 colligendi,
1696 3697 1933 3760 exigendi
1971 3706 2021 3747 et
2066 3699 2341 3763 recipiendi
2376 3699 2639 3762 pecuniam
2680 3701 2872 3751 decime

495 3783 782 3833 sexennalis
820 3784 942 3832 olim
976 3784 1213 3846 imposite
1249 3797 1339 3846 per
1373 3780 1536 3831 felicis
1589 3782 1953 3832 recordationis
2010 3781 2325 3833 Clementem
2375 3798 2562 3848 papam
2597 3799 2658 3832 Ν.
2695 3787 2872 3848 prede·

495 3882 747 3917 cessorem
782 3876 1011 3917 nostrum
1047 3867 1099 3915 in
1133 3867 1349 3916 consilio
1384 3864 1665 3915 Viennensi
1700 3883 1793 3932 pro
1830 3867 2059 3917 subsidio
2096 3874 2227 3916 terre
2263 3878 2438 3918 sancte
2463 3878 2514 3920 et
2538 3870 2667 3920 alias
2692 3880 2873 3921 contra

492 3951 706 4001 rebelles
744 3960 795 4001 et
828 3951 1062 4001 inimicos
1098 3951 1348 4001 catholice
1382 3951 1501 4000 fidei
1536 3953 1951 4013 conuertendam‚
1983 3967 2015 4000 a
2048 3953 2257 4017 prelatis
2294 3960 2346 4002 et
2372 3955 2607 4019 capitulis
2632 3956 2873 4006 ecclesia·

492 4051 604 4085 rum
639 4036 1006 4086 cathedralium
1042 4035 1306 4099 Norweye‚
1342 4034 1533 4085 Swecie
1586 4051 1647 4087 ac
1700 4036 1858 4087 Gocie
1912 4052 2200 4101 regnorum,
2236 4052 2433 4088 necnon
2468 4047 2520 4089 et
2553 4041 2618 4089 ab
2653 4040 2775 4106 ipsis
2810 4057 2871 4091 ac

494 4120 754 4183 quibusuis
791 4119 909 4182 alijs
944 4120 1172 4184 personis
1210 4120 1566 4170 ecclesiasticis
1602 4123 1806 4171 residua
1841 4122 1974 4170 dicte
2010 4123 2202 4171 decime
2228 4123 2269 4171 si
2295 4138 2396 4186 qua
2414 4130 2665 4174 restarent
2684 4124 2874 4175 ibidem

492 4203 710 4254 forsitan
744 4204 1034 4267 colligenda
1068 4220 1159 4268 per
1193 4205 1320 4254 alias
1356 4214 1559 4255 nostras
1597 4207 1719 4256 certi
1756 4206 1944 4256 tenoris
1979 4207 2177 4257 litteras
2212 4208 2359 4257 uobis
2396 4215 2448 4257 et
2481 4217 2708 4259 uestrum
2729 4211 2873 4261 cuili-

492 4289 580 4338 bet
614 4288 888 4338 insolidum
924 4289 1267 4338 concessimus
1302 4288 1615 4340 facultatem.
1703 4291 1840 4342 Sanc
1890 4292 2081 4341 dudum
2125 4307 2192 4341 ex
2245 4292 2589 4342 insinuatione
2624 4295 2873 4345 carissimi

492 4373 545 4421 in
581 4371 789 4424 Christo
824 4372 914 4436 filij
956 4374 1113 4422 nostri
1148 4373 1326 4436 Magni
1361 4374 1495 4438 regis
1531 4374 1781 4440 Norweye
1817 4376 2045 4436 illustriS‚
2082 4391 2185 4426 non
2230 4377 2421 4440 absque
2468 4392 2655 4440 magna
2688 4382 2872 4430 mentis

493 4458 847 4520 compassione
882 4457 1199 4522 percepimus
1237 4460 1371 4521 quod
1408 4458 1639 4508 infideles
1674 4462 1862 4524 pagani
1883 4459 2071 4511 Carelli
2107 4461 2347 4511 uidelicet
2369 4468 2421 4511 et
2443 4460 2685 4522 Rutheni,
2703 4464 2872 4527 regnis

493 4543 597 4592 suis
630 4542 884 4606 Norweye
919 4541 1114 4592 Swecie
1151 4558 1212 4594 ac
1248 4541 1409 4592 Gocie
1443 4543 1713 4607 propinqui
1748 4546 1879 4594 adeo
1931 4560 2091 4609 regna
2143 4546 2255 4610 ipsa
2305 4547 2569 4610 presertim
2620 4545 2873 4612 Norweye

491 4628 776 4691 predictum
811 4627 905 4676 sibi
941 4627 1174 4689 uicinius,
1211 4635 1263 4677 et
1298 4628 1540 4691 degentes
1579 4627 1912 4679 Christicolas
1947 4629 2000 4679 in
2035 4631 2218 4680 eodem
2252 4646 2344 4694 per
2386 4631 2590 4695 rapinas
2640 4630 2876 4682 incendia

492 4719 690 4776 strages
725 4711 897 4762 uarias
933 4712 1196 4776 captiones
1232 4713 1660 4765 incarcerationes
1697 4715 2118 4781 depopulationes
2153 4724 2205 4766 et
2239 4723 2343 4766 tam
2365 4716 2595 4766 locorum
2614 4731 2876 4768 sacrorum
