3534 5361
1696 341 1775 402 47

544 530 807 612 Colonia,
850 539 1186 606 computata
1229 530 1489 605 qualibet
1533 550 1730 587 marca
1796 530 2018 604 argenti
2061 548 2166 605 pro
2215 549 2287 587 .v.
2334 531 2542 588 marcis
2588 531 2699 606 .vij.
2743 531 2925 606 vncijs

545 632 697 690 dicte
739 651 919 707 parue
964 640 1210 688 monete.
1256 650 1430 706 quam
1477 631 1775 690 Summam
1820 631 2143 706 recepimus
2185 630 2240 687 in
2305 660 2357 667 -

1117 730 1379 804 .lxxxxij.
1420 732 1547 788 den.
1591 731 1885 806 regalibus
1930 731 2053 788 auri
2097 731 2364 789 Francie.

1118 839 1197 888 v.‘:
1242 831 1339 905 iiij.
1384 831 1616 889 florenis
1661 831 1802 906 aurj.

1120 932 1216 988 .iii.
1260 935 1385 990 den.
1432 934 1651 990 Turon.
1698 932 1878 1007 gross.
1922 933 2162 1008 argentj.

1117 1034 1188 1091 .ii.
1236 1035 1364 1092 den.
1408 1034 1816 1109 sterlingorum
1860 1033 2097 1106 argenti.

711 1137 1076 1212 Computatis
1120 1136 1360 1212 singulis
1405 1135 1613 1192 marcis
1658 1134 1899 1210 argenti,
1945 1154 2050 1209 pro
2107 1136 2181 1192 .li.
2252 1137 2380 1193 den.
2449 1138 2670 1197 Turon.
2740 1159 2922 1214 grOSS.

543 1259 656 1314 que
701 1238 878 1296 ,clxii.
920 1257 1112 1294 marce
1158 1257 1287 1294 cum
1335 1238 1573 1294 dimidia
1615 1235 1858 1311 argentj.
1907 1238 2102 1294 valent
2154 1239 2238 1296 sic
2298 1248 2630 1313 computate
2680 1242 2924 1298 xxxiiii.

542 1341 718 1398 libras
764 1360 836 1397 .x.
878 1339 982 1397 sol.
1030 1339 1123 1413 vij.
1171 1340 1298 1396 den.
1349 1359 1481 1397 cum
1528 1337 1764 1395 dimidio
1813 1339 2032 1395 Turon.
2077 1358 2261 1414 gross.
2353 1340 2431 1396 Et
2475 1340 2713 1417 singulis
2760 1363 2925 1418 rega-

540 1441 690 1499 libus
735 1461 840 1516 pro
887 1441 1040 1516 .xvij.
1087 1442 1214 1498 den.
1259 1442 1481 1499 Turon.
1525 1460 1706 1516 gross.
1772 1451 1826 1497 et
1882 1441 2123 1515 singulis
2185 1441 2417 1499 florenis
2463 1462 2568 1516 pro
2613 1444 2752 1517 .xiij.
2800 1445 2927 1502 den.

544 1544 766 1601 Turon.
813 1563 995 1618 gros&
1043 1555 1099 1600 et
1143 1543 1194 1600 .i.
1235 1543 1511 1618 sterlingo
1557 1542 1922 1617 computatis.

710 1629 859 1702 Item
905 1646 976 1701 de
1031 1673 1093 1681 -
1149 1645 1415 1701 ,mclxxv.
1461 1645 1670 1702 marcis
1736 1663 1917 1719 parue
1984 1654 2211 1700 monete
2266 1644 2491 1703 Swecie
2553 1646 2795 1703 emimus
2841 1661 3123 1697 -r01.·.›-1.a.

547 1746 629 1821 .ijc.
674 1765 898 1804 marcas
943 1747 1167 1821 argenti
1213 1747 1286 1802 ad
1332 1747 1557 1822 pondus
1604 1747 1673 1802 de
1720 1745 1983 1816 Colonia,
2030 1755 2365 1821 computata
2418 1749 2658 1804 marcha
2703 1749 2927 1823 argenti

545 1868 650 1924 pro
697 1868 770 1906 .v.
839 1847 1045 1905 marcis
1106 1847 1218 1922 .vij.
1281 1847 1461 1921 vncijs
1526 1836 1708 1923 parue
1777 1857 2003 1904 monete
2069 1847 2309 1907 Swecie.
2383 1867 2559 1923 quarn
2630 1849 2927 1908 Summam

544 1951 868 2026 recepimus
928 1949 983 2005 in
1048 1979 1126 1986 —-—
1175 1949 1295 2024 .vijc.
1338 1949 1453 2004 lxv.
1498 1949 1726 2005 florenis
1786 1949 1929 2019 auri,
1996 1949 2344 2024 computatis
2410 1948 2654 2023 singulis
2721 1950 2929 2007 marcis

546 2051 768 2126 argenti
814 2070 920 2127 pro
968 2050 1040 2106 .li.
1087 2050 1333 2106 denariis
1380 2050 1597 2106 Turon.
1643 2067 1825 2124 grOSS.
1870 2069 1983 2125 que
2024 2052 2257 2107 marche
2301 2050 2519 2107 faciunt
2568 2050 2701 2123 .xlij.
2751 2050 2929 2109 libras

549 2172 622 2208 .x.
662 2153 876 2210 solidos
901 2152 1326 2209 Turonensium
1371 2169 1718 2225 grossorum.
1765 2161 1823 2207 et
1868 2151 2216 2226 computatis
2261 2153 2502 2226 singulis
2546 2153 2777 2209 florenis
2822 2172 2929 2228 pro

546 2253 681 2328 .xiij.
727 2253 975 2328 denarijs
1020 2252 1459 2310 Turonensibus
1499 2252 1710 2327 grossis
1757 2261 1813 2308 et
1856 2271 1971 2309 vno
2014 2251 2307 2326 sterlingO.

713 2355 862 2412 Item
908 2355 979 2412 de
1035 2382 1096 2392 --
1151 2354 1245 2411 .xi.
1288 2353 1452 2411 libris
1497 2371 1569 2409 .x.
1635 2353 1831 2411 solidis
1879 2353 2285 2428 sterlingorum
2351 2355 2577 2428 argenti
2632 2356 2928 2430 Recepto-

546 2475 673 2513 rum
716 2457 774 2513 in
821 2456 1048 2516 Swecia
1094 2455 1334 2512 emimus
1379 2484 1445 2490 --
1502 2453 1576 2528 .ij.
1647 2473 1871 2511 marcas
1936 2453 2008 2527 .ij.
2077 2455 2275 2512 vncias
2344 2456 2418 2530 .ij.
2485 2456 2696 2513 tercios
2761 2456 2929 2513 vncie

547 2558 672 2614 auri
717 2558 791 2614 ad
832 2559 1060 2633 pondus
1104 2559 1176 2614 de
1221 2556 1472 2616 Scharis.
2042 2555 2048 2560 '

718 2757 850 2835 [ap]
897 2761 1136 2820 Summa
1182 2758 1387 2834 cambij
1432 2758 1565 2815 facti
1610 2759 1680 2814 de
1728 2769 1959 2816 moneta
2000 2759 2253 2819 Sueuica
2296 2770 2395 2816 est.

904 2862 1074 2937 .xlvij.
1114 2862 1247 2936 agni
1294 2860 1438 2917 auri.
3005 2894 3011 2916 .

903 2983 992 3020 .m.
1033 2969 1097 3019 vc.
1140 2962 1261 3019 lxv.
1307 2961 1508 3018 fioreni
1554 2961 1694 3018 auri.

903 3166 994 3240 .iij.
1040 3167 1170 3225 den
1217 3166 1291 3222 ad
1337 3167 1670 3222 cathedram
1715 3165 1787 3221 de
1832 3184 1991 3220 aur0.

905 3268 976 3342 .ij.
1041 3287 1235 3325 marce
1301 3267 1372 3341 .ij.
1427 3268 1596 3324 vncie
1652 3266 1721 3341 .ij.
1780 3266 1939 3340 tercij
1998 3265 2163 3322 vncie
2233 3266 2358 3322 auri
2425 3267 2498 3321 ad
2567 3268 2794 3343 pondus
2861 3268 2932 3324 de

990 3370 1203 3429 Scaris.
1254 3369 1257 3372 ’

906 3492 974 3528 .v.
1020 3473 1124 3529 sol.
1175 3471 1270 3546 .xj.
1315 3470 1444 3526 den.
1489 3469 1708 3526 Turon.
1751 3487 1932 3542 gross.
1978 3468 2200 3543 argenti
2244 3469 2314 3525 de
2361 3470 2629 3536 Francia,

905 3573 1059 3646 .xliij.
1105 3592 1298 3640 marce
1365 3590 1437 3627 .v.
1497 3571 1666 3628 vncie
1722 3569 1875 3645 .xvij.
1941 3571 2070 3627 den.
2125 3570 2361 3645 ‘argenti
2429 3571 2502 3626 ad
2567 3571 2794 3646 pondus
2862 3572 2933 3629 de

991 3672 1318 3733 Stocolmis.

906 3776 1061 3833 ,xlix.
1110 3794 1300 3832 marce
1346 3774 1569 3850 argenti
1615 3775 1688 3830 ad
1733 3773 1958 3849 pondus
2004 3773 2075 3829 de
2120 3772 2348 3848 Brugis.

1972 3924 2067 3980 .xi.
2110 3924 2239 3981 libr.
2281 3943 2339 3981 x.
2375 3924 2477 3981 sol.
2514 3923 2933 4001 Sterlingorum

1928 3914 1957 4110 S
2056 4026 2296 4101 algenti.

909 4081 1150 4139 Summa
1172 4079 1384 4136 valoris
1409 4080 1480 4135 de
1516 4079 1667 4135 dicte
1689 4077 2107 4260 Cambijbiiijm
2168 4128 2271 4201 iiij?
2336 4128 2475 4183 xlix·
2557 4147 2752 4185 marce
2820 4117 2938 4203 diij..

1938 4263 1954 4312 t
2056 4230 2224 4287 vncie
2271 4239 2498 4286 monete
2549 4229 2774 4288 Suecie.

641 4309 772 4386 [ap]
873 4338 896 4371 x,

1083 4402 1156 4456 Et
1199 4396 1545 4457 sici-estant
1601 4400 1671 4455 ‹le
1732 4400 1886 4457 (licta
1951 4409 2183 4456 moneta
2250 4399 2507 4459 Sueuica
2564 4429 2608 4435 --
2678 4399 2772 4456 .ix.
2817 4398 2936 4473 lvij.

914 4522 1103 4557 marce
1154 4502 1206 4557 .i.
1252 4501 1425 4557 vncia
1467 4501 1602 4557 .xiX.
1651 4500 1889 4574 denarii.

1078 4605 1283 4661 Restat
1328 4602 1497 4658 etiam
1547 4604 1617 4658 de
1661 4601 1963 4677 Sterlingis
2004 4629 2088 4638 —-
2133 4601 2348 4676 .clxvij.
2395 4602 2524 4658 libr.
2570 4601 2642 4676 .ij.
2683 4602 2788 4659 sol.
2838 4601 2934 4657 .ix.

878 4705 1040 4761 xden.
1075 4705 1478 4779 sterlingorum
1515 4705 1763 4780 argenti.
