3534 5361
1800 364 1875 426 13

642 547 877 623 collegit
921 556 978 604 et
1023 548 1227 623 collegi
1272 548 1407 607 fecit
1451 549 1626 608 nichil
1671 551 1939 625 deposuit
1984 553 2141 628 apud
2204 553 2429 628 aliquos
2491 561 2858 622 mercatoreS‚
2922 551 3026 609 sed

641 647 948 723 pecuniam
993 667 1106 723 que
1151 650 1413 724 peruenit
1459 651 1531 707 ad
1579 670 1784 708 manus
1827 671 1962 709 suas
2008 652 2271 728 deposuit
2311 655 2467 729 apud
2491 654 2817 711 Ecclesiam
2846 672 3029 724 suam,

643 748 816 804 aliam
885 748 1096 805 dimisit
1162 770 1339 824 penes
1398 751 1754 809 collectores.
1859 753 1936 808 Et
1996 752 2135 827 quia
2180 754 2338 811 uenit
2383 754 2457 810 ad
2503 754 2849 811 discordiam
2898 773 3028 809 curn

643 850 805 923 Rege
851 859 1087 925 propter
1131 851 1284 908 facta
1328 852 1592 909 Ecclesie
1637 872 1756 924 sue,
1803 853 2069 927 Regnum
2132 853 2329 911 exiens
2388 862 2553 911 extra
2606 855 2874 928 Regnum
2932 855 3030 910 de-

644 949 832 1008 cessit.
918 950 998 1006 Et
1041 951 1122 1008 sic
1167 951 1324 1008 stetit
1368 954 1664 1029 negotium
1722 953 1873 1011 dicte
1938 954 2160 1011 decime
2221 954 2405 1011 donec
2462 955 2734 1030 magister
2787 955 3032 1029 Vguitio

644 1051 925 1126 plebanus
991 1052 1061 1108 de
1100 1051 1428 1111 Castelione
1473 1054 1718 1111 Aretine
1766 1047 2095 1126 [diocesis]¹
2156 1054 2263 1111 fuit
2322 1056 2632 1130 deputatus
2672 1076 2777 1131 per
2821 1056 3031 1115 Sedem

645 1152 1022 1226 apostolicam
1062 1153 1136 1209 ad
1169 1152 1563 1229 recipiendum
1611 1156 1765 1230 quod
1816 1155 2122 1212 collectum
2171 1165 2294 1213 erat
2339 1176 2442 1231 per
2487 1157 2702 1214 dictum
2751 1156 3032 1231 archiepi-

644 1271 885 1327 scopum
943 1263 1000 1311 et
1059 1253 1402 1312 collectores
1459 1276 1611 1326 suos,
1687 1265 1743 1313 ct
1804 1256 1876 1312 ad
1924 1256 2311 1331 colligendum
2356 1257 2589 1314 residua
2634 1277 2748 1314 non
2791 1256 3036 1314 collecta

645 1371 748 1426 per
790 1352 978 1427 ipsum
1025 1355 1522 1431 archiepiscopum
1571 1366 1626 1413 ct
1672 1357 1978 1432 deputat-os
2020 1360 2094 1415 ab
2144 1378 2229 1415 eo.

814 1454 928 1528 Qui
974 1455 1256 1530 plebanus
1300 1457 1473 1513 mittit
1516 1477 1620 1533 per
1640 1457 1987 1532 Magistrum
2014 1457 2256 1517 Gerium
2281 1454 2694 1534 ⁴*Raynaldiski
2738 1459 2808 1515 de
2833 1458 3036 1515 Aretio

646 1555 932 1613 notarium
974 1576 1140 1615 suum
1200 1559 1356 1633 quod
1403 1559 1474 1615 de
1519 1559 1772 1633 pecunia
1818 1560 2061 1617 collecta
2106 1580 2208 1635 per
2245 1561 2462 1617 dictum
2507 1560 3028 1636 Archiepiscopum

647 1666 703 1714 et
768 1657 1108 1715 collectores
1143 1677 1281 1716 suos
1325 1659 1545 1734 recepit
1589 1671 1646 1717 et
1688 1661 1959 1736 deposuit·
2003 1681 2180 1737 penes
2223 1673 2574 1718 mercatores
2628 1661 2699 1717 de
2745 1659 3034 1717 societati-

647 1761 754 1816 bus
812 1759 1117 1836 Mocorum
1183 1768 1240 1816 et
1292 1760 1637 1818 Alfanorum
1698 1763 1769 1819 de
1825 1762 2123 1819 Florentia
2181 1763 2559 1819 communiter
2620 1782 2724 1836 per
2794 1759 3034 1836 equales

647 1869 841 1934 partes
886 1890 961 1898 —
1011 1866 1073 1917 νῦ.
1128 1879 1226 1916 xx.
1272 1862 1538 1919 marchas
1584 1863 1806 1937 argenti
1848 1864 1922 1920 ad
1968 1864 2282 1921 bonitatem
2329 1883 2431 1921 seu
2479 1863 2550 1919 de
2591 1863 2851 1919 bonitate
2892 1870 3036 1919 ster-

647 1958 935 2035 lingorum
981 1981 1264 2020 nouorum
1311 1963 1382 2018 de
1427 1963 1646 2038 Anglia
1691 1965 1766 2020 ad
1824 1966 2053 2039 pondus
2105 1965 2294 2039 Regni
2356 1963 2671 2038 Norwegie
2740 1963 3037 2020 continens

648 2061 760 2137 ,xij.
814 2063 1028 2121 solidos
1085 2073 1142 2120 et
1190 2063 1280 2137 .vj.
1327 2062 1592 2120 denarios
1637 2064 2045 2141 sterlingorum
2090 2086 2195 2140 pro
2242 2065 2502 2140 qualibet
2546 2065 2797 2120 marcha.
2887 2061 3037 2136 Qui-

647 2165 756 2222 bus
801 2164 1048 2221 marchis
1095 2165 1166 2220 ad
1215 2165 1441 2238 pondus
1462 2165 1777 2240 Norwegie
1822 2166 2075 2223 reductis
2120 2167 2195 2223 ad
2241 2166 2468 2241 pondus
2490 2166 2818 2222 Romanum
2842 2163 3042 2220 ualent

657 2291 721 2300 —
770 2269 834 2319 v‘i
878 2263 950 2339 iij.
996 2266 1261 2322 marchas
1307 2263 1377 2339 .ij.
1419 2265 1619 2324 vncias
1666 2276 1722 2323 et
1769 2267 1897 2342 .xvj.
1941 2276 2171 2324 tarenos
2227 2267 2451 2342 argenti
2508 2267 2583 2322 ad
2637 2266 2863 2340 pondus
2920 2265 3038 2322 Ro-

650 2384 883 2422 manum
928 2367 1003 2423 ad
1047 2365 1364 2422 bonitatem
1411 2366 1632 2440 argenti
1677 2368 2102 2444 sterlingorum.
2189 2367 2491 2425 Diminuta
2516 2375 2603 2424 est
2629 2376 2821 2423 autem
2850 2384 3037 2441 quan-

647 2466 780 2524 titas
825 2465 1087 2541 predicta
1131 2467 1206 2524 ad
1250 2467 1478 2542 pondus
1499 2466 1835 2544 Nol-wegie‚
1879 2489 1984 2545 pro
2032 2488 2099 2525 eo
2145 2469 2302 2543 quod
2325 2469 2561 2524 marcha
2584 2467 2853 2542 ponderis
2879 2467 3035 2524 Nor·

647 2568 834 2644 wegie
900 2576 987 2626 est
1049 2568 1235 2625 minor
1278 2586 1450 2643 quam
1497 2571 1732 2626 marcha
1776 2570 2025 2627 Romani
2071 2569 2341 2646 ponderis
2394 2577 2603 2645 quarta
2654 2578 2816 2643 parte
2872 2567 3040 2624 vncie

650 2677 707 2726 et
750 2667 862 2743 diij.
906 2669 1102 2745 granis
1145 2690 1252 2745 pro
1297 2668 1557 2745 qualibet
1601 2674 1854 2729 marcha.

817 2771 966 2830 Item
1010 2799 1093 2808 —-
1149 2771 1266 2846 iiij¹1¹
1344 2771 1448 2846 iiijc.
1511 2776 1776 2831 marchas
1820 2783 2048 2830 monete
2094 2773 2320 2831 subtilis
2380 2772 2518 2830 dict-i
2562 2770 2749 2846 Regni
2792 2771 3039 2828 Norwe—

649 2872 742 2947 gie
788 2874 863 2930 ad
908 2874 1136 2949 pondus
1180 2874 1504 2948 predictum
1538 2875 1726 2950 Regni
1757 2874 2074 2949 Norwegie
2120 2874 2191 2930 de
2236 2893 2353 2948 qua
2398 2883 2629 2930 moneta
2676 2871 2829 2928 facto
2875 2891 3034 2928 assa-

648 2976 744 3049 gio
788 2995 894 3050 per
937 2974 1202 3032 aurifices
1248 2983 1303 3029 et
1349 2984 1700 3033 mercatores
1746 2995 1973 3032 camere
2012 2976 2163 3034 sicut
2203 2975 2469 3032 subtilius
2494 2972 2690 3049 potuit
2710 2972 2852 3041 fieri,
2879 2980 3039 3028 tenet»

652 3077 722 3132 de
767 3085 1007 3152 argento
1052 3077 1125 3133 ad
1171 3076 1487 3133 bonitatem
1521 3077 1734 3134 Veneti
1778 3096 1884 3152 pro
1930 3086 2138 3152 quarta
2204 3083 2368 3150 parte
2427 3082 2484 3131 et
2537 3092 2717 3131 vnum
2776 3080 3039 3130 tarenum

651 3179 722 3234 de
779 3187 1020 3252 argento
1065 3177 1196 3253 plus
1240 3197 1346 3251 pro
1389 3178 1648 3254 qualibet
1702 3177 1852 3235 libra
1894 3178 1967 3234 ad
2011 3178 2255 3252 ponduS.
2345 3175 2479 3249 Qua
2524 3183 2757 3231 moneta
2800 3175 3041 3230 reducta

650 3279 724 3335 ad
765 3298 976 3354 purum
1021 3286 1325 3354 argentum
1370 3278 1731 3337 Venetorum
1775 3279 1933 3335 valet
1960 3307 2034 3314 --
2060 3279 2175 3352 vij0.
2229 3276 2367 3351 xvij.
2415 3276 2593 3333 libras
2639 3273 2776 3348 xiij,
2821 3274 3039 3344 vnciaS‚

650 3389 708 3437 et
748 3380 900 3455 .viiij.
947 3388 1178 3436 tarenos
1223 3380 1444 3454 argenti
1486 3380 1561 3436 ad
1606 3381 1838 3455 pondus
1881 3380 2233 3437 Romanum.

819 3481 968 3538 Item
1019 3507 1088 3515 -
1137 3486 1213 3536 vn?
1295 3483 1560 3538 marchas
1605 3480 1815 3538 veteris
1873 3499 2075 3555 grosse
2120 3487 2350 3536 monete
2398 3478 2651 3535 eiusdem
2713 3476 2901 3551 Regni
2967 3477 3039 3531 ad

651 3601 953 3641 numerum
997 3610 1080 3618 —
1124 3580 1244 3655 viij.
1291 3580 1488 3637 solidis
1533 3601 1638 3657 pro
1684 3582 1921 3639 marcha
1966 3580 2224 3656 qualibet
2248 3578 2612 3655 computatis.
2700 3578 2922 3635 Verum
2971 3577 3041 3633 de

651 3685 853 3743 eadem
919 3691 1149 3740 moneta
1215 3681 1450 3739 marcha
1513 3683 1586 3738 ad
1632 3683 1858 3757 pondus
1913 3683 2244 3740 Romanum
2300 3679 2543 3755 requirit
2600 3687 2656 3735 et
2710 3678 2917 3754 recipit
2959 3707 3042 3715 —

649 3785 768 3860 xiij.
815 3786 1030 3844 solidos
1075 3792 1133 3839 et
1176 3782 1267 3857 .iij.
1313 3782 1593 3840 denarios.
1685 3784 1779 3840 De
1832 3802 1949 3858 qua
2002 3791 2236 3839 moneta
2290 3782 2443 3839 facto
2487 3778 2713 3854 assagio
2758 3779 3045 3837 subtiliter

650 3887 967 3952 secundum
1015 3884 1172 3961 quod
1213 3892 1405 3959 potest
1447 3883 1733 3940 subtiliter
1776 3884 1896 3941 fieri
1936 3903 2039 3959 per
2064 3884 2329 3941 aurifices
2356 3892 2412 3939 et
2434 3890 2787 3938 mercatores
2812 3899 3040 3937 camere

651 3987 943 4045 inuenitur
981 3987 1134 4062 quod
1184 3986 1339 4041 dieta
1385 3994 1615 4041 moneta
1657 4004 1861 4059 grossa
1906 3994 2062 4042 tenet
2108 3986 2178 4041 de
2224 3993 2464 4059 argento
2511 3983 2581 4038 de
2636 3981 2895 4039 bonitate
2919 3982 3040 4039 Ve-

651 4090 769 4147 neti
811 4108 918 4164 pro
963 4087 1166 4164 quinta
1234 4094 1397 4161 parte
1446 4094 1502 4143 et
1552 4085 1684 4162 plus
1731 4085 1784 4160 .j.
1826 4086 2077 4143 tarinum
2145 4086 2364 4161 argenti
2424 4103 2530 4160 pro
2578 4083 2837 4159 qualibet
2894 4083 3044 4140 libra

652 4191 724 4247 ad
770 4191 1016 4266 pondus.
1104 4188 1240 4261 Qua
1283 4186 1515 4262 quidem
1561 4195 1794 4244 moneta
1836 4187 2078 4243 reducta
2122 4187 2196 4243 ad
2240 4206 2450 4261 purum
2498 4193 2801 4259 argentum
2844 4184 3041 4241 Vene-

651 4300 840 4347 torum
885 4290 1043 4347 valet
1088 4318 1169 4326 -
1212 4288 1317 4363 iiije.
1361 4286 1476 4363 viij.
1524 4289 1700 4347 libras
1746 4288 1797 4362 .j.
1843 4288 2091 4355 vnciam‚
2137 4286 2253 4362 viij.
2298 4296 2550 4356 tarenos,
2619 4294 2675 4342 et·
2717 4284 2814 4359 vij.
2860 4304 3044 4359 grana

652 4375 876 4467 argenti
919 4393 995 4450 ad
1039 4390 1265 4466 pondus
1309 4390 1656 4447 Romanum.

820 4493 966 4548 Item
1013 4511 1190 4566 penes
1233 4491 1553 4566 predictam
1599 4491 1935 4549 societatem
1979 4489 2283 4564 Mocorum
2327 4489 2724 4545 tantummodo
2777 4487 3045 4562 deposuit

652 4594 799 4649 idern
848 4595 1129 4667 plebanus
1184 4620 1250 4628 —·
1298 4600 1360 4649 vc.
1406 4612 1631 4650 marcas
1675 4591 1886 4648 veteris
1931 4590 2155 4647 subtilis
2200 4599 2430 4647 monete
2476 4589 2732 4664 predicte
2779 4588 2852 4644 ad
2891 4588 3046 4644 idem

730 4702 744 4731 ¹
788 4707 1026 4766 Udelatlt‚
1062 4706 1354 4768 rimeligviis
1391 4707 1488 4755 ved
1523 4706 1921 4766 Forsommelse‚
1955 4706 1971 4753 i
2011 4705 2326 4767 Originalen.
