3534 5361
1638 377 1750 439 151

503 563 742 629 precibus
781 563 990 612 excitati
1028 563 1092 611 ad
1130 562 1356 612 eiusdem
1394 563 1602 625 subsidij
1642 565 2018 627 promotionem
2055 563 2369 614 sernentibus
2414 564 2750 627 consurgetis,
2785 563 2894 613 vni·

510 648 803 696 uersitatem
839 658 1063 696 uestram
1100 662 1356 709 rogatum,
1409 661 1693 705 monemus,
1749 656 1804 696 et
1852 649 2117 698 hortamur
2168 656 2381 704 attente,
2419 663 2510 712 per
2542 655 2707 711 apost.
2746 648 2892 697 nobis

508 733 696 795 scripta
733 733 1051 791 mandantes,
1089 732 1226 793 quod
1262 731 1642 781 considerantes
1679 734 1995 794 prudentius,
2049 735 2186 796 quod
2239 733 2397 796 ipsius
2449 740 2582 781 terre
2636 732 2892 781 restitutio

508 815 573 862 ad
608 816 987 864 inuocationem
1036 815 1169 863 tituli
1218 814 1501 865 Christiani
1558 824 1701 863 tanto
1765 816 1991 865 omnium
2044 817 2284 880 potestati
2338 818 2598 880 acceptior
2650 817 2893 877 redditur,

507 905 698 961 quanto
736 899 1004 961 benignius
1038 900 1148 962 ipse
1184 901 1297 962 pius
1334 907 1384 947 et
1418 900 1708 948 misericors
1745 900 2061 962 unigenitum
2096 917 2244 949 suum
2275 901 2479 949 unicum
2498 916 2590 965 pro
2611 901 2892 950 communis

507 982 686 1031 salutis
724 982 1149 1032 restaurationem
1185 982 1237 1031 in
1273 997 1334 1032 ea
1379 982 1546 1032 uoluit
1597 982 1869 1043 incarnari,
1926 986 2204 1048 predictam
2259 985 2504 1033 decimam
2563 985 2635 1034 sic
2694 985 2892 1047 integre

506 1066 827 1130 persoluatis,
864 1067 1145 1115 restituturi
1180 1067 1396 1129 pleniuS,
1417 1068 1553 1129 quod
1578 1066 1752 1116 forsan
1790 1083 1855 1117 ex
1892 1068 2063 1131 aliqua
2097 1068 2409 1131 negligentia
2444 1084 2510 1118 ex
2546 1069 2659 1132 ipsa
2694 1069 2893 1118 decima

506 1151 846 1212 subtraxistis,
882 1152 1019 1214 quod
1055 1150 1195 1214 celus
1232 1151 1539 1211 deuotionis,
1578 1167 1727 1213 quam
1765 1154 1831 1201 ad
1868 1151 2119 1215 prefatam
2162 1160 2349 1201 terram
2403 1153 2618 1212 habetiS,
2655 1152 2891 1214 operibus

505 1235 699 1284 clareat
735 1243 786 1284 et
819 1236 1165 1285 constituatur
1199 1243 1409 1298 propter
1443 1236 1543 1284 hoc
1579 1236 1869 1285 meritorius
1907 1238 2044 1300 apud
2081 1238 2247 1297 deum,
2283 1252 2476 1300 nosque
2530 1238 2892 1301 premissorum

506 1334 597 1367 uos
635 1320 884 1383 celatores
934 1319 1160 1368 sinceros
1215 1328 1265 1367 et
1316 1335 1384 1369 ex
1436 1320 1535 1369 hoc
1589 1327 1861 1383 coaptatos
1908 1321 2071 1382 gratie
2125 1321 2295 1370 diuine
2350 1328 2627 1381 cernentes,
2675 1320 2893 1369 letemur

505 1404 705 1467 plebem
743 1404 1053 1454 dominicam
1089 1403 1287 1452 deuotis
1324 1404 1595 1465 gubernari
1630 1404 1891 1463 ministris,
1930 1411 1982 1453 et
2017 1406 2297 1469 apostolice
2333 1407 2465 1454 sedis
2512 1404 2743 1454 fauorem
2798 1420 2890 1454 uos

508 1488 557 1535 in
593 1489 775 1537 uestris
812 1488 1149 1550 adimplendis
1186 1487 1333 1536 iustis
1369 1486 1633 1548 desiderijs
1669 1495 1721 1537 et
1745 1488 2018 1537 laudabilis
2047 1491 2410 1548 prestationem
2435 1488 2663 1560 obsequij
2685 1488 2890 1537 uberius

504 1573 810 1634 promoueri.
878 1572 1077 1621 Datum
1111 1572 1278 1621 Rome
1315 1573 1452 1633 apud
1487 1580 1723 1621 sanctum
1757 1572 1966 1621 Petrum
1998 1574 2064 1621 id.
2098 1572 2240 1635 Junij
2269 1581 2411 1636 pont.
2440 1572 2599 1622 nostri
2626 1587 2759 1620 anno
2787 1571 2891 1633 .ij·3¹⁰

1224 1655 1360 1699 (Arch.
1389 1656 1469 1693 Vnt.
1502 1655 1597 1701 neg.
1629 1655 1709 1694 Nnc.
1739 1656 1795 1694 111.
1826 1666 1874 1693 an
1918 1656 1957 1692 ΙΙ.
1989 1666 2047 1703 ep.
2082 1650 2182 1699 ¹32).

1291 1879 1390 1936 21.
1484 1880 1660 1938 1279.
1754 1878 1905 1937 13de
1945 1878 2107 1937 Junt

638 1993 884 2044 Nicolaus
922 1992 1190 2056 episcopus
1229 2009 1268 2041 s.
1307 2009 1344 2041 s.
1385 1994 1432 2041 d.
1472 1994 1558 2041 dil.
1595 1994 1701 2042 filio
1737 1993 1983 2055 magistro
2020 1993 2309 2042 Bertrando
2345 1992 2593 2042 Amalriei
2622 1993 2889 2055 capellano

506 2086 680 2127 nostro
708 2077 969 2126 canonico
1004 2078 1241 2126 Remensi
1280 2076 1545 2126 collectori
1582 2078 1776 2126 decime
1810 2077 1865 2125 in
1900 2077 2055 2125 Datie
2093 2084 2145 2125 et
2190 2077 2363 2126 Suetie
2418 2077 2586 2140 regnis
2624 2078 2887 2140 deputato,

504 2163 719 2211 salutem
756 2169 852 2210 etc.
924 2162 1112 2211 Felicis
1151 2162 1519 2210 recordationis
1555 2159 1837 2223 Gregorius
1862 2176 1997 2225 papa
2020 2162 2350 2224 predecessor
2372 2169 2548 2210 noster
2567 2161 2687 2210 olim
2706 2176 2892 2225 appro-

504 2247 657 2294 bante
680 2244 935 2295 *consilio
972 2246 1198 2308 generali
1236 2245 1565 2307 Lugduneusi
1601 2246 1849 2293 decimam
1875 2246 2098 2294 omnium
2118 2245 2580 2294 ecclesiasticorum
2600 2245 2889 2294 reddituum

503 2338 554 2378 et
579 2338 921 2394 prouentuum
951 2331 1017 2378 ad
1053 2338 1186 2378 terre
1223 2338 1398 2378 sancte
1434 2328 1716 2378 subsidium
1752 2344 1844 2389 per
1879 2343 1970 2377 sex
2007 2344 2169 2378 annos
2217 2344 2249 2378 a
2283 2328 2416 2379 festo
2437 2329 2723 2378 natiuitatis
2748 2330 2885 2379 beati

504 2414 758 2463 Johannis
805 2414 1119 2476 euangeliste
1166 2428 1299 2462 nunc
1353 2421 1612 2462 transacto
1666 2413 1943 2462 nouissime
1997 2414 2337 2461 numerandos
2397 2416 2664 2475 concessit,
2700 2415 2890 2476 tibique

504 2498 670 2563 dictus
705 2498 1040 2561 predecessor
1074 2497 1177 2546 suis
1214 2498 1354 2547 dedit
1388 2498 1571 2547 litteris
1607 2498 1657 2545 in
1693 2497 1965 2556 mandatis,
2001 2504 2059 2545 ut
2095 2498 2321 2561 predicte
2357 2498 2551 2547 decime
2600 2499 2890 2561 colligenda

504 2582 554 2630 in
587 2582 743 2630 Datie
779 2589 830 2630 et
865 2581 1037 2632 Suetie
1072 2583 1258 2644 regnis,
1295 2581 1536 2631 uidelicet
1572 2589 1627 2629 ut
1661 2581 1713 2630 in
1749 2582 1965 2645 singulis
2000 2582 2293 2631 ciuitatibus
2342 2590 2394 2630 et
2445 2583 2732 2632 diocesibus
2789 2584 2891 2631 dic-

505 2673 671 2715 torum
707 2682 978 2730 regnorum
1016 2667 1078 2716 de
1113 2666 1330 2716 consilio
1368 2666 1598 2716 locorum
1635 2666 1875 2716 ordinarii
1914 2673 2003 2715 aut
2038 2666 2146 2715 eius
2181 2666 2347 2716 uicem
2383 2668 2622 2729 gerentis,
2645 2668 2684 2716 si
2724 2668 2892 2718 dioce-

503 2766 657 2801 sanus
691 2752 799 2816 ipse
834 2753 1020 2800 absens
1056 2750 1206 2812 foret,
1241 2758 1293 2800 et
1329 2752 1547 2800 duorum
1582 2751 1962 2813 fidedignorum
1998 2753 2060 2800 de
2097 2752 2313 2800 ecclesia
2344 2751 2624 2800 cathedrali
2645 2753 2893 2800 coustitu-

506 2845 677 2885 torum
710 2836 763 2884 in
799 2835 1148 2898 dignitatibus.
1187 2850 1276 2884 seu
1313 2837 1530 2886 aliorum
1567 2852 1668 2900 quo
1705 2837 1773 2884 ad
1807 2851 1909 2885 non
1947 2842 2230 2899 exemptOS,
2249 2851 2349 2899 quo
2383 2836 2449 2883 ad
2483 2843 2749 2900 exemptos
2771 2851 2892 2885 uero

505 2922 567 2969 de
604 2934 851 2970 consensu
891 2921 1177 2982 aliquorum
1212 2921 1490 2982 proborum
1528 2923 1589 2970 de
1642 2920 1923 2978 *contrata‚
1985 2921 2256 2981 deputares
2310 2921 2436 2968 duas
2495 2935 2740 2983 personas
2793 2920 2892 2968 fide

505 3003 851 3064 facultatibuS,
889 3007 929 3053 si
966 3004 1095 3053 tales
1131 3005 1480 3054 inuenirentur
1515 3005 1741 3064 comode,
1776 3019 1836 3053 ac
1872 3003 1999 3053 alias
2034 3005 2262 3066 ydoneas
2303 3004 2369 3051 ad
2398 3003 2699 3053 collectores
2720 3004 2893 3052 huius-

505 3089 644 3138 modi
679 3089 1011 3138 ministerium
1049 3090 1419 3150 exequendum,
1455 3089 1758 3137 collectores
1799 3103 1933 3147 uero,
1970 3103 2115 3150 quoe,
2154 3094 2212 3135 ut
2247 3087 2568 3151 premittitur,
2606 3089 2891 3150 deputares,

506 3174 599 3222 sub
635 3172 800 3222 forma
823 3175 989 3222 iurare
1013 3172 1208 3222 faceres
1233 3174 1283 3221 in
1304 3173 1493 3221 eisdem
1514 3172 1695 3221 litteris
1717 3180 1976 3220 annotata.
2004 3180 2056 3220 et
2079 3179 2136 3220 ut
2153 3179 2208 3219 tu
2228 3172 2586 3220 nichilominus
2605 3177 2775 3234 partes
2795 3179 2889 3219 etc.

508 3254 611 3316 (see
648 3257 849 3320 ovenfor
883 3255 937 3306 S.
976 3256 1096 3317 141,
1127 3274 1236 3321 paa
1270 3256 1351 3306 det
1385 3265 1627 3305 naermeste
1663 3254 1979 3322 liqelydende,
2016 3254 2253 3318 undtayen
2289 3264 2343 3304 at
2378 3253 2599 3304 Salariet
2634 3263 2803 3304 saettes
2836 3254 2896 3304 til

509 3339 546 3388 3
582 3340 653 3389 sk.
693 3341 728 3390 (1²
765 3339 842 3397 d.)
880 3341 1051 3390 locum
1087 3340 1418 3405 depositionis
1466 3348 1516 3390 et
1570 3341 1791 3388 modum.
1889 3339 2020 3389 Cum
2072 3340 2229 3402 igitur
2280 3339 2572 3388 huiusmodi
2626 3341 2889 3402 negotium

508 3425 798 3489 specialiter
830 3426 1049 3473 insideat
1084 3426 1226 3473 cordi
1264 3432 1454 3483 nostro,
1492 3433 1544 3472 et
1579 3425 1644 3473 ad
1680 3424 1996 3473 liberandum
2036 3425 2097 3472 de
2135 3424 2367 3472 manibus
2421 3425 2647 3486 ipsorum
2706 3432 2892 3472 terram

507 3511 669 3572 ipsam
706 3511 887 3558 mentis
907 3516 1081 3558 nostre
1100 3510 1403 3559 desiderium
1424 3509 1688 3570 dirigatur,
1711 3509 2003 3557 discretioni
2025 3515 2110 3556 tue
2128 3524 2220 3572 per
2247 3524 2326 3572 ap.
2360 3508 2550 3572 scripta
2573 3509 2891 3565 mandamuS,

507 3595 575 3642 ad
600 3594 957 3643 executionem
992 3591 1177 3657 prefati
1211 3593 1402 3655 negotij
1443 3593 1649 3641 studeas
1676 3592 1951 3654 uigilanter
1968 3594 2227 3641 intendere
2254 3592 2401 3641 iuxta
2422 3593 2759 3656 predictarum
2781 3606 2894 3654 pre-

509 3678 790 3727 decessoris
827 3679 1048 3727 eiusdem
1089 3677 1456 3727 continentiam
1490 3676 1793 3737 litterarum,
1830 3676 1902 3725 sic
1954 3678 2231 3739 prudenter
2288 3683 2341 3725 et
2399 3675 2634 3725 consulte
2687 3677 2738 3724 in
2795 3676 2893 3724 hac

508 3771 651 3825 parte
689 3770 738 3811 tc
775 3762 1012 3824 dirigens,
1049 3770 1107 3811 ut
1143 3763 1207 3812 ab
1256 3777 1317 3812 eo
1371 3762 1454 3824 qui
1509 3768 1587 3809 est
1635 3761 1888 3810 bonorum
1943 3761 2169 3810 omnium
2221 3761 2495 3811 retributor
2547 3760 2891 3809 retributionis

506 3847 756 3909 premium
792 3855 843 3895 et
879 3862 908 3895 a
944 3845 1091 3894 nobis
1127 3846 1292 3894 laudis
1331 3846 1508 3894 titulos
1545 3851 1597 3893 et
1630 3845 1849 3907 gratiam
1884 3845 2086 3908 assequi
2134 3845 2392 3894 merearis.
2481 3845 2678 3894 Datum
2728 3845 2888 3894 Rome

508 3933 643 3994 apud
681 3938 912 3980 sanctum
950 3931 1159 3979 Petrum
1196 3931 1308 3979 idus
1345 3928 1488 3990 Junij
1527 3929 1856 3992 pontificatus
1892 3930 2054 3979 nostri
2091 3944 2227 3979 anno
2263 3930 2502 3978 secundo.

1229 4012 1360 4059 (Arch.
1390 4014 1473 4051 Vnt.
1503 4013 1596 4059 Reg.
1626 4012 1708 4050 Nic.
1736 4013 1789 4050 ΙΙΙ.
1820 4023 1881 4051 an.
1909 4012 1950 4051 ΙΙ.
1980 4023 2040 4061 ep.
2072 4007 2176 4054 ¹29.)

1297 4237 1395 4293 22.
1490 4235 1665 4292 1279.
1759 4235 1910 4293 13de
1952 4235 2113 4293 Junt

645 4349 887 4399 Nicolaus
925 4352 1190 4415 episcopus
1229 4367 1266 4399 s.
1306 4367 1344 4398 s,
1385 4351 1431 4397 d.
1469 4350 1714 4398 vniuersis
1766 4351 2019 4412 prioribus
2067 4351 2460 4413 predicatorum,
2498 4363 2558 4397 ac
2604 4347 2895 4411 guardianis

510 4436 761 4482 minorum
799 4434 1011 4482 fratrum
1051 4436 1284 4483 ordinum
1319 4448 1379 4483 ac
1415 4432 1657 4482 fratribus
1696 4434 1989 4483 eorumdem
2026 4436 2259 4483 ordinum
2296 4449 2386 4496 per
2428 4433 2585 4482 Datie
2621 4441 2673 4481 et
2723 4432 2895 4483 Suetie

511 4532 670 4580 regna
694 4519 980 4567 constitutis
1017 4519 1233 4567 salutem
1270 4526 1366 4566 etc.
1440 4518 1795 4567 Intelleximus
1815 4520 1951 4581 quod
1981 4521 2062 4580 pia
2081 4518 2289 4567 deuotio
2307 4517 2532 4565 fidelium
2551 4516 2755 4565 illarum
2781 4530 2896 4579 par-

513 4602 639 4651 tium
666 4602 916 4650 nonnulla
941 4602 1089 4650 nobis
1115 4601 1346 4650 exhibuit
1371 4601 1421 4649 in
1442 4610 1571 4650 terre
1591 4610 1765 4651 sancte
1793 4604 2072 4651 subsidium
2100 4601 2462 4660 conuertenda,
2483 4616 2578 4662 que
2601 4617 2693 4649 uos
2714 4601 2895 4663 cupitis

513 4695 650 4735 certe
684 4701 903 4749 persone
941 4688 1002 4734 dc
1039 4694 1216 4735 nostro
1253 4686 1574 4749 beneplacito
1609 4689 1886 4749 assignare.
1922 4685 2033 4736 Nos
2070 4689 2238 4749 itaque
2277 4693 2497 4733 uestram
2534 4684 2584 4731 in
2621 4686 2715 4733 hac
2752 4691 2896 4748 parte
