3534 5361
1628 344 1742 404 159

492 537 623 578 terre
660 536 836 579 sancte
874 530 1101 579 subsidio
1137 531 1395 592 deputate.
1433 528 1649 577 salutem
1690 536 1741 577 et
1776 529 2110 592 apostolicam
2150 531 2570 580 benedictionem.
2661 531 2791 581 Cum
2829 539 2877 580 te

492 615 554 663 ad
608 629 824 676 regnum
872 614 1135 678 Norweye.
1197 614 1470 662 commisso
1510 613 1597 660 tibi
1636 628 1729 676 per
1763 621 1965 662 nostras
2002 615 2095 663 sub
2132 623 2271 664 certa
2307 614 2471 665 forma
2505 617 2702 666 litteras
2738 616 2879 664 colli-

492 700 642 761 gendi
678 698 802 747 inibi
841 699 1034 747 decime
1072 707 1204 748 terre
1241 706 1414 746 sancte
1452 697 1777 746 subuentioni
1815 712 2055 748 concesse
2107 699 2319 760 negotio
2374 700 2702 759 destinemus,
2736 700 2879 749 volu-

491 798 602 832 mus
640 790 692 831 et
728 797 818 846 per
853 783 1137 845 apostolica
1175 783 1268 831 tibi
1302 783 1493 844 scripta
1530 781 1753 830 districte
1779 782 2103 844 precipiendo
2129 785 2429 832 mandamns
2448 795 2694 846 quatenus
2719 792 2878 833 totam

492 869 758 930 pecuniam
797 882 948 930 quam
988 869 1048 916 de
1087 868 1314 931 predicta
1351 866 1562 923 decima,
1599 866 1800 924 legatis.
1839 868 2269 930 redemptionibus
2325 878 2579 928 uotorum,
2616 870 2880 917 obuentio-

493 946 638 1000 nibus
676 951 1076 1014 quibuscunque,
1115 959 1165 998 et
1217 950 1333 1012 alijs
1388 951 1520 998 dicte
1582 950 1905 998 subuentioni
1967 953 2237 1011 concessis,
2297 954 2566 1002 collectam
2624 954 2879 1002 inueneris

493 1050 742 1099 quamque
779 1036 1023 1098 colligere
1059 1043 1109 1082 te
1147 1035 1419 1097 contigerit
1455 1035 1517 1082 de
1555 1035 1759 1094 eisdem',
1800 1036 1995 1084 dilectis
2031 1035 2149 1095 filijs
2188 1037 2411 1101 Aculino
2448 1038 2591 1087 Salui
2646 1040 2708 1086 de
2743 1036 2882 1085 Tho-

493 1118 638 1182 masij
678 1120 900 1185 Spillati,
939 1128 990 1167 et
1026 1119 1151 1180 Lapi
1190 1118 1391 1178 Vgonis
1429 1118 1600 1182 Spine‚
1639 1134 1699 1167 ac
1746 1118 2120 1169 Jldebrandino
2174 1122 2433 1180 Brunecti‚
2472 1121 2749 1170 Jacomino
2790 1122 2881 1169 Al-

493 1203 614 1265 fani‚
651 1206 866 1255 Forensi
903 1204 1158 1253 Johannis
1198 1201 1390 1263 Alfani,
1425 1203 1611 1251 Brosio
1649 1202 1685 1251 J
1691 1204 1812 1258 nuti,
1850 1212 1901 1251 et
1937 1203 2164 1254 Johanni
2202 1205 2508 1255 Gualterotti
2564 1208 2625 1254 de
2661 1204 2881 1254 Alfano-

493 1306 603 1340 rum
640 1290 989 1345 societatibuS,
1027 1287 1108 1335 uel
1146 1287 1399 1350 aliquibus
1437 1302 1524 1334 seu
1561 1287 1712 1335 alicui
1751 1283 1926 1338 eorum
1976 1291 2118 1338 socio
2173 1291 2256 1338 uel
2310 1291 2628 1354 procuratori
2683 1291 2879 1339 ciuibus

495 1382 545 1423 et
581 1374 947 1423 mercatoribus
981 1373 1293 1422 Florentinis
1331 1373 1393 1420 de
1446 1387 1661 1434 quorum
1718 1372 1966 1423 fidelitate
2022 1374 2342 1434 confidimus,
2394 1376 2487 1423 has
2542 1376 2631 1424 tibi
2685 1376 2880 1424 litteras

497 1457 856 1517 deserentibus,
893 1465 1070 1507 nostro
1107 1465 1157 1504 et
1193 1457 1418 1504 eiusdem
1456 1466 1587 1504 terre
1624 1465 1799 1506 sancte
1836 1458 2039 1507 nomine
2076 1459 2280 1508 sublato
2335 1460 2606 1509 cuiuslibet
2665 1458 2881 1508 difficul-

498 1542 616 1591 tatis
653 1543 924 1591 obstaculo
960 1542 1223 1603 assignare
1259 1547 1311 1612 et
1335 1542 1590 1604 deponere
1614 1555 1874 1604 procureS.
1904 1544 2045 1605 equis
2085 1560 2175 1608 per
2210 1552 2259 1593 te
2294 1545 2429 1593 inter
2464 1545 2735 1594 societates
2773 1559 2882 1593 eas-

497 1628 611 1676 dem
644 1628 965 1689 portionibus
1002 1626 1342 1686 diuidendam,
1379 1641 1531 1689 quam
1567 1627 1762 1687 integre
1800 1627 1945 1675 nobis
1984 1629 2065 1676 uel
2102 1629 2182 1676 cui
2218 1630 2630 1678 mandauerimus
2677 1630 2726 1677 in
2781 1629 2884 1678 Ro-

497 1726 650 1761 mana
685 1714 827 1761 curia
862 1713 1085 1776 predicte
1123 1720 1253 1761 terre
1290 1712 1496 1761 nomine
1554 1718 1825 1758 teneantur
1883 1712 2201 1773 integraliter
2259 1714 2520 1768 exhibere.
2573 1713 2765 1762 faciens
2822 1715 2885 1762 de

498 1798 846 1858 assignatione
883 1812 944 1845 ae
982 1797 1299 1860 depositione
1337 1793 1625 1845 huiusmodi
1663 1796 1764 1844 duo
1800 1795 2007 1858 publica
2054 1797 2238 1847 similia
2291 1798 2473 1847 confici
2523 1797 2886 1857 jnstrumenta,

499 1896 714 1945 quorum
750 1882 967 1930 alterurn
1006 1882 1093 1931 tibi
1131 1882 1365 1940 retineas,
1402 1888 1454 1927 et
1488 1879 1735 1941 reliquum
1773 1881 1919 1929 nobis
1955 1882 2143 1930 mittas.
2231 1881 2304 1930 Et
2338 1881 2697 1931 nichilominus
2733 1883 2884 1932 nobis

498 1981 588 2030 per
622 1973 738 2015 tuas
773 1967 970 2015 litteras
1008 1966 1298 2030 frequenter
1330 1965 1558 2013 insinues
1596 1967 1715 2028 quid
1753 1973 1997 2028 quantum
2034 1974 2085 2014 et
2121 1967 2325 2028 quando
2351 1968 2412 2015 de
2440 1968 2652 2026 decima,
2681 1968 2884 2030 legatis,

500 2050 913 2113 obuentionibuS,
952 2059 1003 2100 et
1036 2051 1152 2114 alijs
1189 2049 1491 2114 supradictis
1528 2050 1826 2113 deposueris
1864 2059 1915 2099 et
1951 2050 2292 2113 assignaueris
2329 2050 2542 2114 prefatis
2591 2054 2886 2101 mereatori-

500 2136 594 2184 bus
629 2143 720 2185 aut
755 2136 980 2200 ipsorum
1015 2135 1168 2185 alicui
1206 2134 1289 2184 uel
1325 2136 1464 2184 socio
1500 2149 1593 2197 pro
1631 2135 1839 2183 eisdem.
1921 2134 2115 2183 Datum
2151 2135 2315 2183 Rome
2353 2137 2489 2199 apud
2527 2145 2755 2185 sanctam
2794 2136 2885 2185 Sa-

498 2220 672 2269 binam
708 2220 812 2269 kal.
849 2219 1156 2270 Nouembris
1194 2220 1520 2282 pontificatus
1559 2219 1720 2268 nostri
1758 2234 1894 2268 anno
1932 2218 2113 2281 primo,

1194 2303 1323 2348 (Arch.
1353 2303 1436 2342 Vat.
1466 2304 1556 2349 neg.
1588 2304 1724 2342 Honor.
1754 2303 1816 2341 lV.
1846 2313 1907 2340 an.
1940 2302 1963 2339 1.
1996 2312 2053 2350 ep.
2084 2298 2188 2345 215).

1206 2528 1305 2586 35.
1401 2527 1578 2585 1285.
1672 2530 1795 2585 lste
1839 2527 2194 2586 November.

640 2643 899 2694 Honorius
937 2643 1207 2708 episcopus
1245 2659 1284 2692 ε.
1322 2659 1361 2691 s,
1401 2644 1448 2691 d.
1487 2642 1748 2693 carissimo
1786 2644 1836 2691 in
1874 2642 2084 2694 Christo
2120 2643 2226 2694 filio
2265 2682 2275 2693 .
2315 2679 2325 2692 .
2366 2643 2472 2706 regi
2499 2643 2673 2693 Suetie
2704 2644 2890 2693 illustri

505 2729 722 2778 salutem
758 2730 843 2778 Sec.
917 2726 1124 2788 Quanto
1161 2728 1341 2776 maiori
1378 2727 1566 2776 affectu
1603 2726 1804 2778 felicem
1840 2731 2213 2790 promotionem
2265 2729 2456 2789 negotii
2523 2736 2653 2777 terre
2710 2737 2888 2777 sancte

506 2813 793 2862 desiderare
828 2821 877 2862 te
914 2813 1183 2871 credimuS,
1220 2819 1367 2860 tanto
1404 2813 1631 2862 securius
1667 2814 2022 2862 celsitudinem
2058 2815 2253 2875 regiam
2282 2814 2543 2876 pulsamus
2570 2814 2819 2874 precibuS,
2840 2821 2892 2861 et

505 2897 689 2947 fiducia
725 2897 1023 2961 requirimus
1072 2897 1304 2960 ampliori
1342 2911 1493 2960 super
1527 2897 1626 2959 hijs
1663 2913 1758 2960 que
1796 2900 2058 2959 negotium
2095 2899 2261 2960 ipsum
2299 2899 2596 2958 contingere
2619 2896 2891 2946 dinoscun-

508 2988 604 3030 tur.
676 2981 808 3031 Cum
843 2983 1013 3044 itaque
1050 2982 1135 3029 dil.
1172 2981 1332 3029 filium
1371 2981 1737 3043 Huguitionem
1771 2983 2046 3046 plebanum
2084 2982 2245 3045 plebis
2283 2983 2343 3029 de
2395 2981 2709 3030 castellione
2762 2981 2894 3028 Are-

506 3065 611 3115 tine
648 3066 864 3115 diocesis
900 3066 1216 3131 capellanum
1266 3074 1515 3124 nostrum,
1553 3066 1771 3115 latorem
1809 3067 2134 3129 presentium,
2174 3067 2238 3113 ad
2299 3080 2509 3127 regnum
2570 3063 2743 3114 Suetie
2799 3080 2892 3128 pro

508 3152 717 3213 negotio
753 3151 948 3203 decime
983 3160 1115 3200 terre
1151 3158 1327 3199 sancte
1363 3151 1413 3197 in
1450 3164 1610 3212 regno
1646 3151 1757 3213 ipso
1796 3150 2118 3199 subuentioni
2140 3164 2400 3209 concesse,
2420 3157 2624 3211 sumpta
2652 3150 2713 3197 de
2733 3150 2891 3212 ipsius

509 3234 775 3299 multiplici
810 3236 1065 3299 probitate
1101 3236 1288 3283 fiducia
1325 3235 1649 3283 destinemus.
1704 3235 2083 3283 Excellentiam
2119 3236 2313 3295 regiam
2349 3249 2592 3296 rogamus
2629 3242 2680 3282 et
2716 3234 2891 3283 horta-

508 3335 622 3367 mur
656 3321 710 3368 in
745 3320 966 3379 domino,
1003 3327 1249 3382 quatenus
1288 3335 1377 3382 pro
1417 3321 1591 3368 diuina
1627 3327 1678 3368 et
1713 3319 1995 3383 apostolice
2054 3318 2187 3367 sedis
2241 3334 2301 3367 ac
2360 3326 2534 3366 nostra
2592 3320 2892 3379 reuerentia,

510 3404 792 3467 predictum
826 3404 1102 3468 plebanum
1138 3404 1332 3452 habeus
1368 3404 1634 3466 benignius
1672 3405 2099 3459 commendatum,
2139 3404 2233 3452 sibi
2271 3418 2423 3466 super
2467 3403 2724 3466 premissis
2778 3418 2893 3452 cum

511 3489 575 3538 ab
611 3505 673 3538 eo
710 3489 864 3538 fueris
901 3489 1187 3552 requisitus,
1227 3487 1351 3550 regij
1392 3487 1581 3537 fauoris
1618 3490 1868 3537 auxilium
1906 3489 2152 3551 largiaris,
2191 3489 2235 3535 ei
2283 3489 2344 3536 de
2399 3501 2579 3536 securo
2636 3490 2893 3537 conductu

512 3574 574 3622 de
608 3573 920 3637 benignitate
956 3574 1098 3635 regia
1131 3574 1444 3633 prouisurus,
1478 3573 1552 3621 ita
1586 3575 1721 3635 quod
1756 3573 1888 3621 idem
1926 3573 2174 3635 plebanus
2222 3571 2364 3634 regio
2416 3570 2597 3619 fauore
2641 3570 2895 3633 suffultus,

508 3658 818 3708 fructuosius
853 3667 905 3706 et
940 3657 1197 3707 efficacius
1235 3658 1422 3706 habere
1458 3672 1511 3706 se
1548 3658 1721 3706 ualeat
1755 3659 1808 3706 in
1843 3656 1940 3705 hac
1976 3664 2136 3720 parte,
2173 3663 2328 3718 tuque
2351 3656 2564 3718 proinde
2583 3654 2649 3704 ob
2669 3655 2894 3705 omnium

509 3744 841 3793 retributione
877 3743 1129 3792 bonorum
1165 3742 1423 3805 condigna
1440 3743 1634 3806 premia
1658 3742 2001 3804 consequariS,
2027 3756 2087 3790 ac
2107 3756 2200 3790 nos
2225 3741 2362 3804 regie
2384 3741 2671 3789 deuotionis
2689 3756 2896 3805 promp-

511 3829 775 3877 titudinem
812 3842 916 3876 non
951 3827 1202 3876 immerito
1238 3828 1666 3877 commendemus,
1735 3827 1931 3875 Datum
1981 3827 2146 3875 Rome
2196 3826 2334 3889 apud
2386 3837 2616 3875 sanctam
2652 3824 2894 3874 Sabinam

512 3912 613 3960 kal.
650 3911 956 3962 Nouembris
995 3912 1321 3975 pontificatus
1358 3913 1517 3962 nostri
1554 3927 1687 3961 anno
1723 3911 1903 3976 primo.

649 3996 709 4045 In
746 3998 960 4046 eundem
996 3999 1204 4047 modum
1243 3997 1507 4046 carissimo
1542 3998 1593 4045 in
1631 3995 1839 4046 Christo
1876 3996 1984 4044 filio
2022 4032 2034 4043 .
2074 4031 2084 4041 .
2125 3993 2230 4057 regi
2266 3992 2423 4042 Datie
2459 3993 2661 4043 illustri.

1180 4080 1309 4122 (Arch.
1342 4082 1427 4119 vat.
1456 4082 1544 4127 Reg.
1578 4084 1711 4119 nonar.
1743 4080 1803 4118 lv.
1835 4091 1896 4119 an.
1925 4080 1951 4118 1.
1982 4090 2038 4127 ep.
2067 4076 2145 4114 217
2172 4087 2193 4114 a
2214 4073 2240 4121 l.

1214 4306 1312 4363 36.
1410 4307 1586 4362 1285.
1684 4308 1804 4362 lste
1847 4305 2198 4362 November.

654 4419 912 4469 Honorius
949 4421 1217 4484 episcopus
1254 4437 1292 4469 s.
1344 4437 1383 4468 S.
1422 4421 1469 4468 d.
1518 4421 1888 4468 venerabilibus
1929 4420 2168 4467 fratribus
2207 4418 2449 4466 vniuersis
2487 4416 2899 4482 archiepiscopiS,

517 4504 784 4568 episcopis,
821 4513 872 4552 et
908 4505 1104 4554 dilectis
1140 4505 1258 4567 filijs
1302 4505 1585 4564 abbatibus,
1624 4505 1893 4567 prioribus,
1932 4505 2150 4563 decanis,
2188 4503 2575 4560 archidiaconis,
2610 4501 2899 4565 prepositis,

519 4589 968 4652 archipresbiteris,
1008 4590 1252 4653 plebanis,
1290 4597 1341 4637 et
1376 4588 1491 4649 alijs
1529 4589 1858 4637 ecclesiarum
1897 4587 2121 4651 prelatis,
2158 4602 2356 4635 necnon
2395 4596 2445 4634 et
2488 4586 2740 4635 nobilibus
2766 4586 2900 4647 viris,

519 4674 752 4733 ducibnS,
789 4675 1185 4736 marchionibus,
1222 4675 1509 4734 comitibus,
1544 4673 1839 4733 baronibus,
1892 4673 2154 4732 militibus,
2209 4672 2499 4735 prepositis,
2557 4661 2932 4731 comitatibus,
