3534 5361
1694 351 1774 410 25

542 537 739 595 nicum
787 537 1274 611 Stauangrensem
1321 536 1649 611 prepositus
1698 537 1769 593 de
1815 536 2074 611 Torpom
2121 547 2177 594 et
2224 537 2549 612 prepositus
2591 539 2919 597 Valdresie.

546 638 643 713 qui
689 638 965 713 prepositi
1012 657 1123 694 non
1194 637 1330 693 dum
1396 637 1685 694 racionem
1751 635 2122 694 reddiderant
2187 647 2465 712 quantum
2531 642 2788 698 restabat
2849 641 2921 696 ad

541 737 883 796 soluendum
931 739 1001 795 de
1047 738 1287 813 singulis
1333 737 1590 797 ecclesiis
1634 737 2029 812 superadictis.
2076 739 2177 795 sed
2227 739 2515 796 racionem
2555 740 2923 796 reddiderant

544 840 765 914 prefato
811 840 927 895 dfio
955 840 1219 898 ‘Ormero
1288 838 1569 896 canonico
1630 837 2044 912 Stauangrensi
2106 847 2383 913 quantum
2448 849 2787 915 receperant
2853 842 2922 896 de

545 938 713 997 dictis
760 940 1091 1014 prouinciis.
1138 948 1195 997 et
1240 949 1520 1014 quantum
1565 941 1823 996 restabat
1869 939 1942 994 ad
1987 939 2342 996 soluendum.
2389 941 2445 996 in
2491 941 2790 998 uniuersso
2834 961 2922 998 se-

545 1040 795 1096 cundum
844 1042 998 1116 quod
1046 1041 1301 1116 prefatus
1347 1042 1453 1097 dfis
1493 1038 1771 1097 Ormerus
1807 1039 2118 1097 canonicus
2164 1039 2626 1115 Stauangrensis.
2683 1042 2925 1098 asseruit

544 1160 736 1197 eoram
784 1160 874 1198 me
919 1141 1222 1198 Bernardo
1268 1141 1338 1197 de
1378 1140 1614 1212 Ortolis‚
1660 1148 1716 1197 et
1761 1140 1888 1197 dfiis
1934 1140 2206 1216 episcopo
2254 1149 2310 1197 et
2364 1141 2618 1215 capitulo
2677 1142 2923 1200 Stauan-

544 1240 845 1315 grensibus
896 1270 963 1278 --
1019 1240 1172 1315 .lxvj.
1222 1260 1400 1300 marc.
1447 1260 1577 1299 cum
1626 1240 1863 1297 dimidia
1907 1259 2087 1315 parue
2134 1250 2361 1297 monete
2405 1242 2717 1299 Noricane.

714 1341 865 1398 Item
909 1342 1161 1398 reddidit
1202 1342 1496 1399 racionem
1543 1342 1801 1417 prefatus
1847 1341 1953 1398 dfis
2010 1340 2287 1399 Ormerus
2353 1341 2423 1398 de
2491 1342 2747 1399 ecclesiis
2813 1362 2925 1417 que

545 1449 821 1498 secuntur
865 1443 935 1499 de
983 1442 1194 1517 quibus
1236 1450 1417 1499 restat
1462 1443 1537 1498 ad
1583 1442 1926 1499 soluendum
1976 1443 2046 1498 de
2092 1441 2246 1499 dicta
2292 1441 2515 1499 decima
2545 1444 2838 1500 sexennali
2864 1452 2925 1499 ut

474 1533 479 1538 ’
545 1540 819 1616 sequitur.
906 1543 999 1599 De
1060 1542 1306 1600 ecclesia
1353 1543 1423 1599 de
1448 1542 1620 1599 Aam.
1664 1562 1761 1600 xv.
1808 1562 1982 1600 marc.
2027 1561 2209 1618 parue
2255 1542 2518 1617 pecunie.
2566 1542 2808 1600 ecclesia
2855 1545 2926 1600 de

545 1641 792 1716 Finnay.
828 1642 906 1700 xi.
931 1661 1107 1700 marc.
1152 1662 1281 1700 cum
1330 1642 1565 1700 dimidia
1608 1663 1789 1719 parue
1833 1643 2095 1718 pecunie.
2140 1642 2385 1700 ecclesia
2429 1643 2500 1699 de
2536 1640 2926 1717 *Ausquennl

546 1741 636 1798 .ix.
707 1761 883 1800 marc.
948 1763 1128 1818 parue
1196 1744 1456 1817 pecunie.
1524 1745 1771 1802 eeclesia
1835 1745 1905 1801 de
1948 1739 2342 1802 *Walzenes².
2384 1763 2479 1799 xv.
2528 1763 2699 1801 marc.
2746 1764 2927 1820 parue

550 1842 810 1917 pecunie.
860 1844 1105 1902 ecclesia
1151 1845 1221 1901 de
1245 1841 1599 1903 *smmum-³.
1641 1844 1716 1919 iij.
1763 1865 1938 1902 marc.
1986 1864 2115 1903 cum
2162 1844 2398 1901 dimidia
2441 1864 2623 1919 parue
2667 1846 2927 1922 pecunie.

547 1943 791 2002 ecclesia
836 1947 907 2002 de
953 1945 1230 2003 Thiorom
1276 1946 1365 2020 .vj.
1409 1965 1587 2004 marc.
1635 1966 1817 2022 parue
1861 1945 2124 2022 pecunie.
2192 1945 2438 2003 ecclesia
2475 1947 2545 2003 de
2568 1943 2925 2022 *Lengues4,

547 2066 601 2102 v.
648 2065 824 2104 marc.
870 2066 1053 2122 parue
1097 2047 1341 2123 pecunie
1394 2075 1459 2084 -
1511 2048 1628 2105 lxv.
1673 2067 1846 2105 marc.
1889 2067 2069 2122 parue
2114 2046 2372 2123 pecunie.

2922 2161 2987 2198 sol.
3017 2155 3052 2197 5.
3076 2162 3114 2198 b.

1434 2195 2034 2267 GrenellandensiS.

715 2333 964 2391 Decima
995 2335 1364 2410 episcopatus
1394 2333 1923 2393 Grenellandensis.
2010 2335 2271 2409 Recepta
2313 2333 2419 2391 fuit
2463 2355 2567 2410 per
2608 2355 2696 2392 me
2741 2335 2940 2393 Rern-⁷

547 2436 751 2492 ardum
818 2435 888 2491 de
959 2435 1176 2494 Ortolis
1220 2436 1276 2492 in
1325 2436 1590 2492 dentibus
1636 2436 1706 2493 de
1749 2435 1959 2493 roardo
2002 2453 2175 2510 quam
2222 2434 2503 2492 decimam
2548 2436 2740 2510 recepi
2781 2436 2925 2493 Ber-

545 2536 651 2610 gis.
701 2556 737 2592 a
784 2536 898 2592 dfio
935 2536 1370 2611 archiepiscopo
1393 2537 1805 2595 Nidrossiensi.
1852 2555 2002 2593 anno
2048 2536 2161 2610 dfij.
2207 2536 2507 2593 millesimo
2553 2543 2699 2594 .ccc⁰:
2743 2537 2927 2611 xxvije

547 2645 604 2694 et
649 2635 745 2711 .xj.
794 2636 888 2694 die
930 2637 1140 2695 mensis
1183 2637 1455 2713 Augustj.
1515 2666 1567 2672 —·
1629 2637 1839 2713 cxxvij.
1885 2635 2205 2712 *lisponsos
2243 2637 2317 2693 ad
2341 2637 2568 2712 pondus
2589 2639 2923 2713 Norwegie.

714 2739 859 2795 Post
901 2759 1014 2814 que
1059 2758 1210 2796 anno
1257 2758 1373 2815 quo
1418 2759 1595 2821 supra
1640 2748 1695 2796 et
1733 2738 1828 2813 .vj.
1873 2739 1965 2795 die
2006 2739 2216 2796 mensis
2282 2737 2651 2813 Septembris.
2695 2741 2927 2797 vendidi

550 2841 734 2898 dictos
761 2842 960 2897 dentes
985 2841 1057 2897 de
1085 2841 1324 2897 consilio
1350 2840 1710 2897 dominorum
1737 2839 2155 2915 archiepiscopi
2175 2840 2565 2899 Nidrosiensis
2593 2849 2647 2895 et
2672 2840 2928 2916 episcopi

550 2942 864 3017 Bergensis
911 2942 1151 2997 Iohanni
1196 2942 1378 3016 Dipre
1424 2941 1730 2999 mercatori
1776 2943 1847 2998 de
1892 2941 2187 3000 Flandria.
2239 2940 2434 3022 precio
2481 2939 2594 3013 .xij.
2637 2940 2927 2997 librarum.

552 3050 609 3099 et
653 3042 808 3117 .xiiij.
852 3042 956 3101 sol.
1005 3043 1225 3099 Turon.
1272 3043 1511 3118 argentj.
1557 3045 1627 3100 de
1654 3044 1864 3119 quibus
1892 3041 2003 3116 ‚xij.
2030 3042 2188 3098 libris
2226 3052 2282 3098 et·
2315 3040 2467 3116 xiiij.
2495 3040 2690 3099 solidis
2714 3042 2933 3115 argenti

548 3142 751 3201 habuit
795 3144 902 3201 dfis
946 3164 1052 3200 rex
1095 3144 1410 3219 Norwegie
1453 3144 1837 3201 medietatem.

718 3313 1033 3388 Reliquam
1078 3332 1218 3369 vero
1261 3314 1646 3370 medietatem.
1691 3312 1899 3370 retinui
1947 3331 2053 3386 ego
2101 3312 2287 3369 dictus
2329 3311 2398 3368 B.
2445 3312 2514 3366 de
2561 3310 2778 3369 Ortolis
2831 3331 2936 3385 pro

553 3433 785 3473 camera
830 3414 925 3490 diij
971 3434 1137 3489 pape.
1183 3433 1296 3490 que
1363 3414 1644 3471 medietas
1710 3414 1832 3470 fuit.
1900 3411 2169 3470 videlicet
2226 3412 2317 3487 .xj.
2363 3412 2488 3469 libr.
2538 3419 2594 3467 et
2637 3411 2730 3487 vij.
2773 3412 2936 3470 solid.

558 3517 879 3574 Turonens.
928 3515 1167 3591 argenti.
1222 3535 1366 3592 quas
1411 3536 1514 3573 sex
1559 3516 1685 3572 libr.
1732 3524 1790 3573 et
1833 3513 1943 3589 .vij.
1990 3514 2094 3571 sol.
2144 3516 2362 3571 Turon.
2412 3514 2633 3587 argenti
2681 3513 2938 3588 promisit,

555 3618 689 3674 mihi
737 3618 978 3674 reddere
1026 3619 1213 3676 dictus
1259 3625 1546 3674 mercator
1591 3616 1907 3691 Brugensis
1951 3617 2007 3673 in
2065 3615 2294 3674 florenis
2361 3614 2498 3689 aurj.
2548 3615 2937 3689 computando

553 3738 729 3774 vnum
775 3719 1054 3775 florenum
1102 3738 1205 3794 pro
1257 3718 1390 3792 .xiij.
1437 3718 1877 3776 Turonensibus
1922 3716 2141 3791 argentj
2176 3725 2232 3771 et
2255 3735 2368 3791 vno
2392 3716 2697 3790 sterlengo.
2744 3736 2936 3773 assen-

555 3820 698 3876 dunt
724 3820 875 3876 dicte
898 3839 1001 3876 sex
1030 3819 1193 3877 libre.
1221 3830 1277 3877 et
1303 3820 1413 3893 .vij.
1439 3820 1607 3877 solidi
1642 3849 1703 3855 ...
1736 3819 1934 3894 .cxiiij.
1958 3820 2082 3875 flor.
2107 3817 2247 3891 aurj.
2275 3827 2329 3874 et
2357 3817 2447 3891 jij.
2473 3818 2671 3874 Turon
2699 3816 2936 3891 argentj.

558 3940 729 3995 quam
783 3921 1088 3996 pecuniam
1132 3921 1305 3978 habui
1352 3940 1478 3995 ego.
1526 3920 1594 3977 Β.
1643 3941 1694 3976 a.
1742 3921 1897 3977 dicto
1940 3929 2263 3988 mercatore
2306 3917 2574 3974 videlicet
2618 3938 2723 3992 pro
2774 3928 2939 3993 parte

556 4041 781 4078 camere
828 4021 1040 4095 dominj
1088 4041 1237 4096 pape
1290 4049 1355 4057 -
1414 4021 1583 4095 .cxiiij
1627 4022 1750 4077 flor.
1798 4019 1938 4093 auri.
1984 4019 2080 4093 iiij.
2127 4020 2347 4076 Turon.
2396 4017 2635 4092 argentj.

1539 4167 1960 4238 Orcadensis.

2189 4264 2400 4327 [attende
2435 4268 2504 4318 ad
2539 4265 2871 4329 Restancz'as].

721 4374 969 4431 Decima
1015 4374 1382 4450 episcopatus
1426 4373 1775 4434 Orcadensis
1836 4371 2089 4430 assendit
2155 4374 2225 4430 de
2289 4393 2391 4431 sex
2460 4374 2623 4431 annis
2686 4372 2767 4447 ‚ij‘i
2845 4372 2940 4446 lvj.

555 4495 727 4533 marc.
776 4476 1198 4550 sterlingorum.
1280 4523 1283 4525 >

634 4602 652 4631 ¹
690 4614 741 4653 0:
782 4606 1045 4655 Hausken.
1115 4602 1139 4631 ²
1173 4615 1228 4658 og
1268 4605 1577 4665 Avaldsnes‚
1616 4603 1954 4666 Agvaldsnes.
2031 4600 2051 4629 ³
2087 4612 2145 4654 02
2183 4607 2355 4656 Enten
2376 4606 2587 4657 Sam-boe
2620 4607 2743 4655 cller
2764 4605 2941 4654 Saeboe.

690 4683 715 4713 4
750 4689 877 4738 eller
910 4690 1181 4753 Lengncs'?
1252 4692 1467 4739 Maaske
1506 4689 1788 4750 Tungunes
1826 4689 2218 4752 (Randarberg).
