3534 5361
1754 358 1873 417 102

802 544 951 602 Item
992 543 1251 619 Recepte
1295 543 1366 600 de
1411 543 1609 600 eadem
1657 543 1882 601 decima
1923 544 1980 602 in
2025 545 2180 603 dicto
2222 545 2447 620 Regno.
2532 542 2716 601 Dacie
2774 550 2853 600 .νῖ
2897 539 2997 616 xlj.

631 664 806 704 marc.
850 645 927 720 vj.
974 664 1056 703 or.
1095 653 1152 702 et
1206 643 1277 718 .ij.
1338 644 1441 702 sol.
1507 663 1629 720 arg.
1696 646 1964 721 ponderis
2030 645 2409 716 coloniensis,
2473 665 2586 721 que
2648 650 2998 702 commutate

632 746 862 805 fuerunt
901 765 1008 823 pro
1052 773 1133 782 —-
1178 764 1369 802 ,cxxx.
1412 744 1541 801 libr.
1584 744 1745 820 xviij.
1793 747 1898 805 sol.
1946 758 2003 804 et
2048 767 2124 804 .x.
2171 749 2297 805 den.
2342 766 2523 823 gross.
2571 744 2998 803 Turonensium

636 848 1025 924 computando
1049 865 1300 904 marcam
1326 846 1545 922 argenti
1571 867 1678 922 pro
1715 847 1855 923 .iiij0.r
1882 849 1985 907 sol.
2009 857 2065 906 et
2098 868 2173 906 .x.
2199 849 2323 906 den.
2347 867 2529 924 gross.
2553 844 2998 905 Turonensium.

800 1032 950 1090 Item
994 1032 1225 1090 fuerunt
1268 1032 1339 1089 de
1384 1032 1585 1089 eadem
1631 1033 1856 1091 decima
1897 1035 1955 1092 in
2001 1035 2203 1092 eodem
2248 1036 2453 1109 Regno
2506 1032 2693 1091 Dacie
2756 1030 3000 1106 Recepti

632 1133 784 1209 dviij.
822 1133 948 1192 libr.
990 1154 1049 1192 x.
1097 1134 1201 1193 sol.
1249 1143 1306 1191 et
1349 1133 1459 1209 ‚vij.
1507 1134 1634 1192 den.
1678 1153 1862 1211 gross.
1906 1136 2346 1195 Turonensium.

802 1336 953 1395 Item
996 1336 1255 1411 Recepte
1299 1335 1370 1392 de
1417 1336 1640 1395 decima
1682 1337 1945 1412 predicta
1989 1337 2242 1397 eiusdem
2302 1338 2489 1414 Regni
2553 1336 2740 1396 Dacie
2784 1334 3004 1392 .xxxix.

632 1439 760 1498 libr.
804 1436 903 1513 vij.
949 1436 1054 1495 sol.
1099 1455 1230 1494 cum
1275 1437 1322 1512 .j.
1371 1438 1497 1496 den.
1551 1438 1977 1514 sterlingorum,
2044 1449 2393 1497 commutate
2457 1438 2687 1496 fuerunt
2751 1456 2855 1512 pro
2919 1464 3002 1473 —

634 1539 770 1615 .xiij.
813 1538 940 1598 libr.
982 1538 1038 1614 ij.
1081 1538 1183 1597 sol.
1231 1549 1287 1595 et
1333 1539 1475 1614 .iiij0.r
1502 1541 1632 1596 den.
1677 1559 1860 1615 gross.
1909 1541 2335 1599 Turonensium
2403 1559 2535 1599 cum
2603 1539 2654 1614 .j.
2707 1538 3001 1612 sterlingo.

634 1641 1032 1717 [Computando
1080 1642 1167 1714 .iij.
1209 1643 1307 1698 sol.
1349 1643 1716 1716 sterlinqorum
1754 1661 1857 1717 pro
1906 1645 1957 1716 j.
2003 1644 2174 1700 solido
2213 1663 2383 1718 qrosa
2436 1634 2855 1710 TuronensiumJ.

1847 1947 1860 1960 .
1956 1895 2160 1972 .ccxxj.
2224 1897 2351 1954 libr.
2414 1894 2527 1969 viij.
2593 1894 2697 1952 sol.
2767 1903 2822 1950 et
2878 1891 3010 1967 xiij.

893 1946 966 2003 de
1010 1945 1207 2010 ‘dieta
1264 1946 1488 2004 decima
1551 1956 1787 2023 recepta
1844 1966 1900 2004 m
1956 2000 2066 2056 den
2166 2015 2499 2072 grossorum
2583 1994 3010 2053 Turonensium

893 2046 1101 2123 Regno
1144 2048 1330 2106 Dacie
1374 2048 1448 2104 ad
1493 2067 1724 2122 grossos
1779 2050 1902 2107 Tu·
1957 2042 2090 2157 cun}
2135 2099 2209 2174 ‘ij‘
2252 2097 2556 2174 sterlingh-

893 1843 1133 1904 Summa
1171 1843 1546 1921 pecuniarum
1593 1853 1649 1902 et
1674 1845 1898 1920 argenti

895 2168 1168 2208 ronenses
1210 2151 1597 2208 reductorum.
1909 1854 1946 2219 ζ

662 2331 798 2411 [ap.]
1955 2318 2285 2394 ‚cccxxiiijer
2331 2318 2530 2375 floren.
2592 2318 2758 2394 parui

894 2470 1133 2530 Summa
1210 2501 1271 2509 --
1347 2474 1472 2532 auri
1537 2474 1756 2549 recepti
1827 2473 1899 2530 de
1953 2421 2045 2538 ‚hp
2091 2421 2217 2581 {Zu-
2251 2421 2337 2533 ,de
2381 2437 2572 2477 massa
2813 2438 2937 2477 aum

895 2571 1050 2631 dicta
1112 2574 1337 2633 decima
1391 2576 1645 2635 eiusdem
1709 2575 1899 2650 Regni
1952 2542 2063 2639 ’,φ’
2169 2540 2268 2596 gm
2532 2622 2545 2634 .
2611 2621 2625 2634 .
2673 2622 2684 2634 .
2998 2620 3011 2632 .

891 2673 1095 2733 Dacie·
1962 2647 2038 2702 .1J.
2087 2643 2264 2683 marc.
2313 2642 2445 2682 cum
2489 2623 2725 2679 d1m1d10
2760 2621 2863 2680 sol.
2889 2641 3015 2679 aum

1953 2729 2011 2786 in
2054 2746 2262 2786 massa.
2307 2725 2504 2802 pixide
2548 2723 2672 2783 auri
2708 2724 2767 2782 in
2812 2724 3011 2782 eadem

1953 2846 2178 2889 summa
2222 2835 2573 2904 computata.

2913 3010 2988 3025 ..00

437 3052 622 3093 (ΘΗΜ,
810 3015 957 3072 Item
1000 3016 1258 3091 Recepte
1302 3018 1373 3075 de
1417 3017 1620 3074 eadem
1666 3017 1890 3075 decima
1933 3015 2230 3074 sexannali
2273 3014 2332 3071 in
2376 3015 2581 3090 Regno
2638 3013 2846 3074 Suecie
2893 3019 3016 3087 ,111J‘2

644 3118 758 3192 xvj.
804 3136 980 3175 marc.
1027 3126 1256 3176 monete
1302 3118 1569 3191 Sueuice,
1612 3119 1844 3177 fuerunt
1888 3125 2239 3177 commutate
2293 3135 2400 3192 pro
2465 3146 2548 3153 ——
2610 3115 2789 3191 .xviij.
2837 3134 3013 3172 marc.

642 3220 772 3279 libr.
817 3220 897 3277 ix.
942 3218 1047 3278 sol.
1094 3227 1153 3277 et
1189 3219 1282 3277 .ix.
1327 3222 1454 3278 den.
1498 3240 1681 3298 gross.
1728 3220 2154 3279 Turonensium
2200 3237 2332 3276 cum
2380 3217 2431 3292 .j.
2492 3217 2784 3293 sterlingo.
2859 3235 3014 3274 com-

645 3320 905 3398 putando
951 3316 1106 3397 .xxij.
1149 3340 1324 3380 marc.
1369 3341 1497 3380 cum
1546 3323 1781 3380 dimidia
1824 3323 1975 3381 dicte
2032 3328 2261 3379 monete
2326 3319 2575 3380 Sueuice
2639 3339 2745 3395 pro
2790 3318 2842 3394 .j.
2885 3318 3011 3375 libr.

643 3441 993 3499 grossorum.

812 3525 963 3583 Item
1006 3525 1266 3601 Recepte
1310 3525 1381 3581 de
1426 3524 1580 3583 dicta
1624 3525 1850 3583 decima
1891 3525 1950 3582 in
1996 3524 2198 3582 eodem
2236 3525 2442 3599 Regno
2472 3519 2817 3595 Suecie.xlj.
2843 3539 3017 3577 marc.

647 3626 874 3703 argenti
918 3626 1193 3702 ponderis
1239 3625 1536 3686 Scarensis
1603 3655 1676 3664 —
1737 3636 2087 3686 commutate
2151 3627 2381 3685 fuerunt
2443 3645 2549 3702 pro
2593 3653 2676 3661 —
2720 3622 2850 3699 xiij.
2894 3622 3019 3679 libr.

646 3728 787 3803 xiiij.
830 3729 935 3787 sol.
981 3737 1038 3786 et
1081 3728 1173 3804 .iij.
1216 3728 1343 3785 den.
1388 3747 1570 3804 gross.
1593 3727 2041 3787 Turonensium.
2088 3727 2476 3803 computando
2521 3746 2697 3785 marc.
2746 3744 2866 3801 arg.
2913 3743 3017 3800 pro

649 3829 789 3905 .iiij0.r
815 3830 920 3889 sol.
965 3838 1024 3888 et
1066 3830 1161 3906 .iij.
1210 3831 1317 3888 den
1359 3849 1542 3907 gross.
1591 3830 2033 3889 Turonensium.

816 3931 965 3990 Item
1009 3932 1242 3993 fuerunt
1287 3933 1358 3990 de
1403 3932 1626 3991 decima
1668 3932 2004 4008 supradicta
2037 3931 2290 3988 eiusdem
2317 3927 2509 4004 Regni
2533 3928 2740 3989 Suecie
2761 3929 3019 4003 Recepte

650 4063 731 4072 —·
777 4054 893 4092 .xx.
937 4034 1063 4092 libr.
1110 4043 1168 4092 et
1208 4034 1340 4109 .xvj.
1391 4034 1518 4092 den.
1562 4053 1743 4110 gross.
1787 4032 2229 4091 Turonensium.

816 4135 964 4193 Item
1007 4137 1265 4212 Recepte
1310 4136 1381 4193 de
1427 4135 1652 4193 decima
1695 4145 2013 4193 memorata
2056 4135 2112 4191 in
2176 4134 2331 4191 dicto
2397 4134 2602 4208 Regno
2669 4131 2876 4192 Suecie
2946 4130 3020 4205 .ij.

649 4236 777 4295 libr.
822 4247 880 4295 et
924 4236 1020 4312 .xj.
1079 4236 1184 4295 sol.
1245 4236 1669 4312 sterlingorum,
1736 4245 2084 4294 commutate
2148 4234 2378 4292 fuerunt
2442 4254 2548 4310 pro
2599 4262 2664 4270 ⁴-
2715 4234 2869 4308 .xvij.
2916 4233 3019 4291 sol.

649 4356 833 4413 gross.
880 4337 1324 4397 Turonensium.
1390 4339 1781 4414 computando
1840 4337 1931 4413 .iij.
1987 4337 2090 4396 sol.
2161 4336 2567 4412 sterlingorum
2631 4355 2736 4412 pro
2810 4334 2859 4409 .j.
2918 4333 3019 4390 sol.

647 4458 829 4516 grOSS.
873 4440 1320 4499 Turonensium.
