3534 5361
1697 391 1815 448 123

571 577 716 634 dixit
757 597 819 636 se
864 575 1204 653 expendisse
1250 605 1329 612 ——
1377 575 1515 649 ,iiij‘r
1541 576 1643 633 sol.
1686 594 1864 650 gross.
1903 575 2342 634 Turonensium.
2370 594 2471 650 per
2494 594 2562 632 .v.
2590 573 2938 649 septimanas

572 678 780 753 quibus
820 676 926 735 fuit
967 678 1026 734 in
1070 676 1166 733 uia
1209 676 1329 733 illa.

733 779 884 835 Item
933 777 1128 853 .xxvij.
1177 778 1267 835 die
1309 778 1661 836 Nouembris
1704 778 1853 836 solui
1897 798 2002 854 pro
2051 777 2191 853 .iiij⁰.¹
2218 776 2464 852 pellibus
2498 775 2831 853 pergameni
2864 804 2928 811 -

573 879 667 954 ‚iij.
709 897 890 955 gross.
939 881 1326 937 Turonenses·

736 981 885 1038 Item
931 980 1022 1037 die
1068 979 1179 1054 jiij.
1217 979 1574 1037 Decembris
1620 980 1700 1037 iui
1743 998 1947 1037 uersus
2013 979 2315 1037 ecclesiam
2379 980 2816 1038 Roskildensem
2882 989 2939 1036 et

572 1081 721 1140 solui
764 1102 870 1158 pro
915 1081 1089 1138 naulo
1133 1101 1235 1139 seu
1281 1102 1386 1158 pro
1430 1080 1603 1138 maris
1656 1082 1899 1139 transitu
1964 1110 2031 1118 --
2086 1080 2218 1154 xiij.
2265 1099 2445 1155 gross.
2494 1083 2883 1139 Turonenses.

733 1183 882 1239 Item
926 1181 1076 1240 solui
1120 1201 1224 1258 pro
1270 1182 1534 1258 expensis
1598 1180 1944 1240 famulorum
2019 1181 2115 1238 dfii
2175 1181 2618 1258 Archiepiscopi
2681 1181 2779 1258 qui
2846 1200 2935 1237 me

570 1283 974 1341 conduxerunt
1016 1302 1199 1358 usque
1260 1284 1335 1340 ad
1399 1302 1557 1340 mare
1623 1283 1681 1340 in
1746 1282 2196 1357 Helsingburgh.
2373 1282 2510 1358 .xiij.
2552 1302 2733 1358 gross.
2780 1281 2933 1338 Tur·

568 1379 858 1443 onenses¹.

732 1485 881 1542 Item
928 1485 1076 1543 solui
1120 1505 1225 1561 pro
1270 1485 1536 1560 expensis
1580 1484 1676 1541 d‘fii
1720 1484 2007 1544 ,Iohannis
2050 1486 2120 1542 de
2166 1484 2410 1560 Capella
2468 1483 2731 1542 canonici
2787 1485 2934 1543 Ros·
2964 1488 3133 1529 r01.84.b.

565 1586 855 1657 kildensis‚
901 1585 999 1662 qui
1045 1586 1285 1644 ulterius
1329 1586 1538 1643 direxit
1581 1604 1672 1642 me
1715 1586 1775 1643 in
1818 1587 1915 1644 via
1957 1605 2141 1661 usque
2178 1585 2574 1644 Roskildis—
2599 1584 2729 1660 xiij.
2754 1604 2935 1661 grOSS.

567 1687 952 1745 Turonenses

733 1788 878 1844 Item
925 1787 1056 1845 dedi
1097 1787 1319 1845 Abbati
1363 1788 1433 1845 de
1478 1787 1772 1846 Paraclito
1817 1788 1915 1863 qui
1961 1787 2214 1863 portauit
2279 1796 2443 1846 extra
2504 1798 2716 1847 terram
2777 1787 2933 1846 illam

569 1908 739 1945 vnam
781 1897 1005 1964 partem
1048 1888 1422 1965 pecuniarum
1470 1908 1616 1963 quas
1660 1898 1797 1947 tuno
1842 1908 2173 1964 receperam
2218 1888 2315 1960 ibi,
2379 1909 2485 1965 pro
2549 1889 2815 1965 expensis
2880 1899 2936 1947 et

569 1990 743 2048 maris
787 1991 1030 2048 transitu
1079 2018 1152 2027 -
1206 1990 1298 2065 dij.
1342 1990 1446 2047 sol.
1491 2008 1671 2065 gross.
1721 1990 2163 2048 Turonensium.
2224 1998 2280 2049 et
2337 1990 2469 2047 dedi
2512 1991 2667 2049 socio
2711 2010 2816 2048 suo
2862 2020 2924 2029 —-·

569 2111 642 2149 .x.
686 2110 866 2167 gross.
916 2092 1301 2150 Turonenses,

734 2193 883 2250 Item
930 2193 1060 2252 dedi
1102 2193 1291 2251 Priori
1334 2192 1774 2252 Predicatorum
1799 2192 2263 2252 Roskildensium
2286 2193 2384 2267 qui
2406 2195 2687 2271 reliquam
2711 2202 2931 2269 partem

567 2296 944 2371 pecuniarum
989 2294 1188 2352 debuit
1244 2304 1407 2353 extra
1464 2305 1674 2353 terram
1735 2296 1896 2353 illam
1961 2303 2192 2371 portare
2257 2313 2439 2369 usque
2507 2294 2933 2370 Helsingborgh

567 2404 687 2453 tam
731 2416 836 2472 pro
880 2396 1053 2455 maris
1093 2395 1336 2453 transitu
1382 2416 1556 2472 quam
1616 2417 1721 2473 pro
1797 2395 2063 2473 expensis
2128 2404 2184 2453 et
2245 2394 2540 2453 laboribus
2585 2424 2656 2432 -
2713 2417 2785 2455 .V.
2830 2395 2932 2453 sol.

567 2516 748 2573 gross.
796 2497 1180 2555 Turonenses,

731 2599 881 2655 Item
925 2597 1055 2654 dedi
1100 2598 1410 2656 conuentui
1451 2617 1558 2657 suo
1601 2617 1776 2655 vnam
1821 2600 2086 2674 lagenam
2139 2596 2411 2656 *seruisie
2466 2618 2571 2674 pro
2627 2619 2743 2676 qua
2786 2598 2934 2657 solui

573 2729 637 2738 —
692 2719 809 2758 ‚xz
852 2718 1036 2775 gross,
1083 2699 1471 2759 Turonenses.

730 2802 881 2859 Item
927 2801 1017 2858 die
1063 2799 1238 2873 xxiij.
1280 2801 1623 2860 Decembris
1668 2801 1823 2860 exiui
1867 2811 2079 2860 terram
2125 2801 2281 2859 illam
2330 2811 2387 2860 et
2429 2801 2560 2860 veni
2613 2801 2834 2860 Lundis
2876 2802 2935 2859 in

568 2902 768 2978 vigilia
810 2901 1039 2961 Natalis
1086 2902 1202 2974 dni,
1246 2888 1459 2961 relictis
1504 2903 1667 2978 equis
1713 2903 1855 2961 meis
1896 2903 2034 2978 quia
2077 2912 2283 2961 uentus
2328 2912 2448 2961 erat
2495 2904 2815 2961 contrarius
2880 2913 2936 2962 et

565 3004 714 3064 solui
756 3023 862 3079 pro
905 3002 1081 3061 naulo
1138 3032 1193 3039 -·-
1254 3003 1389 3076 xiij.
1435 3023 1616 3078 groSS.
1660 3005 2051 3063 Turonenses,

732 3104 882 3161 Item
926 3103 1073 3161 solui
1117 3123 1222 3178 pro
1269 3108 1534 3180 expensis
1579 3106 1947 3164 conductoris
1991 3135 2070 3142 —-
2118 3105 2231 3180 .xij.
2268 3124 2449 3180 gross.
2487 3107 2872 3164 Turonenses·

731 3204 877 3262 Item
925 3224 1077 3262 anno
1124 3205 1219 3262 diii
1270 3213 1368 3262 .m‘!
1413 3214 1541 3265 ccc‘!
1585 3207 1816 3281 xxxiiij‘!
1861 3207 1951 3263 die
1996 3225 2069 3263 .x.
2112 3207 2376 3282 Januarij
2431 3207 2554 3264 misi
2598 3225 2775 3263 vnum
2821 3207 2934 3264 cle·

565 3307 749 3365 ricum
794 3325 982 3362 meum
1024 3325 1140 3363 vna
1185 3326 1314 3364 cum
1361 3308 1615 3382 quodam
1663 3308 1979 3384 presbitero
2026 3306 2122 3364 dfii
2164 3308 2608 3383 Archiepiscopi
2664 3309 2737 3364 ad
2793 3309 2937 3365 reci-

568 3407 841 3483 piendum
884 3407 1160 3482 pecunias
1207 3427 1352 3483 quas
1398 3408 1598 3466 debuit
1643 3420 1874 3484 portare
1909 3409 1963 3465 in
2001 3407 2434 3484 Helsingburgh
2478 3409 2633 3484 prior
2675 3410 2937 3484 predica-

569 3518 757 3565 torum
803 3508 1265 3567 Roskildensium
1309 3509 1366 3565 in
1405 3519 1617 3567 octaua
1641 3510 1942 3586 epiphanie
1969 3519 2025 3567 et
2047 3530 2159 3567 non
2186 3513 2373 3586 potuit
2394 3519 2630 3585 propter
2651 3530 2936 3586 guerram,

567 3610 666 3685 qui
732 3618 1108 3686 expectantes
1170 3609 1384 3667 dictum
1444 3611 1693 3685 priorem
1737 3612 1950 3669 ibidem
1996 3612 2392 3687 expenderunt
2449 3643 2504 3648 --
2559 3612 2711 3686 .xxij.
2757 3614 2936 3688 groSS.

568 3713 936 3770 Turonenses
980 3731 1110 3770 cum
1154 3711 1337 3769 tribus
1382 3712 1560 3788 equis.

734 3813 879 3869 Item
923 3812 1125 3888 scripsi
1167 3813 1282 3869 diio
1327 3822 1521 3870 nostro
1579 3805 1779 3888 [pape]
1848 3822 1904 3871 et
1969 3814 2097 3871 dedi
2166 3815 2424 3889 portitori
2492 3814 2809 3871 litterarum
2856 3843 2933 3852 —-

568 3913 741 3988 .xviij.
785 3933 963 3989 gross.
1010 3915 1396 3973 Turonenses.

735 4016 901 4073 Item.
947 4015 1039 4072 die
1085 4016 1236 4091 axiiij.
1282 4014 1548 4088 Januarij
1603 4015 1764 4072 venit
1831 4016 1906 4072 ad
1972 4036 2062 4072 me
2120 4036 2267 4074 vnus
2333 4036 2531 4074 cursor
2595 4016 2693 4073 diii
2760 4016 2936 4091 Regis

570 4117 776 4177 Suecie
823 4136 953 4174 cum
998 4116 1199 4174 litteris
1245 4117 1362 4174 suis
1417 4117 1474 4173 in
1540 4115 1748 4191 quibus
1817 4116 2111 4173 mandauit
2176 4117 2309 4174 mihi
2378 4118 2531 4192 quod
2599 4117 2644 4174 si
2709 4137 2935 4193 possem

568 4218 766 4276 uenire
810 4218 885 4274 ad
931 4236 1060 4274 eum
1106 4216 1350 4275 libenter
1391 4217 1727 4293 loqueretur
1787 4236 2009 4274 mecum
2077 4228 2209 4275 ante
2272 4237 2558 4277 recessum
2627 4237 2812 4275 meum
2881 4229 2937 4276 et

570 4319 699 4376 dedi
743 4319 896 4376 dicto
943 4319 1163 4376 cursori
1213 4347 1271 4353 —-
1332 4317 1382 4392 .j.
1431 4337 1606 4376 marc.
1657 4318 1785 4376 den.
1830 4312 2275 4378 scaniensium2.

639 4544 654 4574 ι
694 4550 759 4599 Η.
785 4556 822 4597 t·
860 4545 979 4612 [ap.]
1019 4549 1227 4599 Summa
1251 4550 1402 4605 huius
1428 4522 1642 4626 pagine{
1667 4516 1825 4597 ·X}{55.l·
1864 4517 1957 4565 sol.
1997 4523 2048 4565 et
2082 4517 2201 4596 .xsiij.
2240 4533 2401 4581 gross.
2439 4517 2775 4568 Turonenses

1348 4606 1349 4609 ¹
1665 4600 1764 4647 Νι).
1804 4585 1978 4634 floren.
2018 4600 2143 4633 aun.

635 4697 660 4726 ²
694 4702 759 4751 Η.
787 4708 823 4750 t.
862 4697 981 4765 [ap]
1022 4701 1231 4751 Summa
1256 4703 1404 4751 huius
1429 4671 1644 4776 pagine{
1668 4668 1921 4799 {Yssgfg'
1951 4671 2467 4788 ἕὲῃῖἰέοἶῗέὲῃξῖἓῗῖ
2504 4670 2892 4720 TumnenSium'
