3534 5361
1674 382 1792 444 145

540 569 815 619 sustentari
851 583 954 617 non
987 576 1218 631 possunt,
1255 569 1344 616 sed
1379 583 1470 631 pro
1502 569 1736 617 habenda
1756 568 1860 618 uite
1886 583 1975 617 sue
1998 569 2403 622 substentatione
2428 589 2666 625 neccesse
2699 574 2924 628 habeant

538 655 742 719 publice
778 653 1084 714 mendicare,
1123 659 1173 701 et
1206 653 1547 701 helemosinas
1583 661 1770 715 petere.
1809 668 2013 701 seruare
2050 654 2242 716 poteris
2279 658 2414 719 quod
2460 658 2513 706 in
2565 658 2923 711 declarationi-

537 739 635 787 bus
671 752 823 800 super
856 736 1016 800 ipsius
1053 738 1244 785 decime
1283 732 1590 797 [collectione]
1629 738 1779 786 editis
1815 737 2011 800 plenius
2063 739 2366 787 continetur.
2455 742 2647 792 Datum
2701 735 2920 807 Viterbij

540 822 609 883 .ij.
648 836 810 871 nonas
846 821 1145 870 Decembris
1184 820 1512 885 pontificatus
1547 822 1708 870 nostri
1745 836 1881 871 anno
1917 821 2097 884 primo,

1251 903 1380 949 (Arch.
1413 904 1494 941 vat.
1521 904 1613 951 neg.
1641 905 1726 943 soh.
1756 903 1839 942 ΧΧΙ
1892 916 1953 941 sn.
1985 905 2014 943 1.
2048 915 2105 952 ep.
2134 903 2215 947 96).

1275 1045 1332 1100 8.
1429 1045 1606 1102 1276.
1694 1045 1809 1102 4de
1850 1045 2197 1102 December.

681 1158 947 1207 «Iohannes
985 1159 1254 1222 episcopus
1291 1173 1422 1207 seru.
1462 1173 1653 1208 seruor.
1692 1160 1773 1208 dei
1809 1159 2086 1207 venerabili
2136 1158 2278 1207 fratri
2317 1196 2328 1207 .
2368 1196 2379 1208 .
2418 1162 2802 1229 archiepiscopo
2840 1166 2929 1217 Ni-

546 1243 793 1291 drosiensi
831 1243 1049 1291 salutem
1087 1249 1138 1290 et
1171 1243 1390 1305 apostol.
1428 1243 1677 1291 benedict.
1750 1243 2060 1306 Accepimus
2097 1250 2145 1292 te
2182 1245 2369 1292 nostris
2405 1246 2612 1297 auribus
2646 1249 2929 1311 intimante,

546 1328 684 1389 quod
719 1334 775 1375 tu
812 1327 874 1376 de
910 1326 1117 1375 ciuitate
1152 1326 1482 1388 Lugdunensi
1519 1327 1734 1376 concilio
1754 1328 1876 1376 inibi
1902 1328 2159 1377 celebrato
2186 1331 2424 1379 recedens
2450 1331 2514 1380 ob
2545 1332 2932 1397 naufragiorum

547 1411 838 1460 discrimina
874 1425 970 1474 que
1006 1412 1092 1459 uia
1127 1411 1280 1460 maris
1318 1427 1408 1475 per
1443 1413 1577 1474 quod
1614 1418 1663 1459 te
1701 1412 1930 1475 oportuit
1965 1414 2233 1462 transitum
2287 1413 2470 1474 facere,
2525 1419 2750 1467 seuiente
2810 1426 2932 1468 ωηο

547 1496 728 1559 hyeme
764 1495 1068 1556 minabatur,
1104 1502 1154 1543 et
1191 1506 1398 1559 propter
1433 1497 1537 1545 alia
1572 1495 1725 1544 etiam
1762 1496 1944 1558 grauia
1969 1504 2019 1544 et
2038 1497 2240 1546 diuersa
2259 1500 2486 1562 pericula
2503 1503 2929 1565 superuenientia,

550 1594 646 1641 que
681 1595 786 1629 non
821 1586 1061 1643 poterant
1095 1580 1290 1635 euitari,
1330 1581 1558 1629 nondum
1594 1580 1836 1629 maiorem
1876 1581 2029 1629 etiam
2066 1589 2263 1644 partem
2297 1584 2560 1644 prouincie
2595 1585 2647 1634 in
2695 1602 2795 1649 qua
2844 1589 2932 1636 tibi

551 1665 742 1713 decime
780 1672 910 1713 terre
946 1674 1121 1713 sancte
1157 1665 1393 1713 collectio
1431 1671 1508 1713 est
1544 1666 1817 1714 commissa
1852 1664 2062 1713 uisitare
2097 1668 2449 1728 personaliter,
2475 1668 2558 1716 uel
2594 1685 2684 1733 per
2720 1672 2933 1721 eandem

551 1750 865 1814 prouinciam
902 1750 1058 1813 ipsius
1095 1756 1288 1798 statuta
1324 1749 1588 1799 notificare
1625 1748 1847 1810 concilij‚
1883 1756 1973 1798 aut
2025 1751 2360 1812 quantitatem
2414 1760 2604 1801 certam
2652 1754 2754 1803 iam
2804 1756 2935 1805 inibi

550 1834 767 1883 collecte
802 1834 997 1882 decime
1033 1833 1261 1896 potuisti.
1299 1833 1431 1882 vnde
1465 1834 1612 1881 nobis
1649 1841 1740 1882 tua
1776 1834 1980 1882 deuotio
1999 1834 2259 1883 humiliter
2282 1836 2607 1900 snpplicauit.
2635 1846 2692 1887 ut
2710 1846 2759 1888 te
2782 1854 2938 1903 super

551 1918 651 1967 hoc
687 1928 992 1967 excusatum
1029 1918 1091 1966 de
1128 1917 1442 1979 benignitate
1478 1917 1612 1966 sedis
1650 1918 1935 1980 apostolice
1973 1919 2311 1979 dignaremur.
2382 1918 2488 1968 Nos
2519 1920 2691 1984 itaque
2711 1926 2935 1973 rationa-

552 2003 705 2051 bilem
741 2003 1130 2051 excusationem
1165 2010 1307 2049 tuam
1341 2001 1610 2062 benignius
1646 2003 1989 2050 admittentes,
2044 2000 2348 2051 fraternitati
2404 2010 2489 2052 tue
2525 2020 2615 2067 per
2649 2008 2938 2070 apostolica

553 2088 742 2150 scripta
777 2088 1078 2135 mandamus
1116 2087 1352 2148 quatinus
1390 2085 1617 2147 diligenti
1653 2086 1983 2135 meditatione
2020 2087 2364 2144 considerans,
2384 2089 2519 2150 quod
2556 2089 2606 2137 in
2631 2092 2937 2141 executione

553 2171 870 2220 collectionis
906 2170 1194 2219 huiusmodi
1231 2176 1435 2231 gratum
1473 2170 1772 2232 obsequium
1809 2172 1904 2218 deo
1941 2178 2155 2233 prestaS,
2192 2171 2329 2218 circa
2365 2171 2507 2220 illam
2566 2175 2635 2222 sic
2686 2181 2940 2224 attentum

555 2263 606 2304 et
640 2256 852 2317 uigilem
888 2263 936 2303 te
973 2255 1182 2303 reddere
1219 2254 1445 2313 studeaS,
1483 2261 1541 2302 ut
1576 2270 1607 2303 a
1643 2254 1852 2303 domino
1890 2256 2039 2317 digne
2076 2256 2323 2317 premium
2361 2256 2708 2306 retributionis
2752 2274 2938 2323 expec-

556 2348 650 2400 teS‚
687 2346 739 2388 et
773 2339 908 2388 sedis
942 2337 1226 2402 apostolice
1261 2338 1477 2400 gratiam
1514 2338 1717 2387 uberius
1754 2338 1967 2402 proinde
2004 2340 2259 2388 merearis,
2349 2338 2604 2390 Volumus
2657 2350 2827 2392 autem
2882 2352 2940 2394 ut

557 2432 747 2487 quanto
783 2422 1095 2487 frequentius
1131 2424 1322 2485 poteris
1360 2424 1695 2485 quantitatem
1745 2424 1807 2471 de
1865 2424 2062 2472 decima
2121 2424 2417 2487 supradicta
2470 2425 2742 2475 collectam
2794 2428 2939 2477 nobis

556 2524 646 2574 per
682 2517 796 2559 tuas
831 2509 1028 2557 litteras
1064 2508 1298 2555 intimare
1333 2522 1589 2569 procures.
1660 2507 1856 2556 Datum
1874 2506 2093 2570 Viterbij
2134 2507 2203 2569 .ij.
2242 2522 2404 2557 nonas
2439 2510 2739 2561 Decembris
2774 2512 2940 2576 ponti-

556 2593 737 2642 ficatus
773 2592 932 2642 nostri
968 2606 1101 2641 anno
1142 2593 1319 2654 primo.

1272 2673 1403 2719 (Arch.
1433 2674 1516 2713 Vnt.
1546 2674 1638 2723 Reg.
1666 2674 1749 2714 soh.
1781 2675 1877 2714 xxl.
1908 2687 1967 2714 an.
1998 2676 2022 2714 1.
2054 2687 2113 2724 cp.
2144 2673 2233 2721 97).

1196 2812 1201 2813 ⁷
1248 2890 1253 2894 Π
1299 2815 1352 2871 9.
1446 2815 1624 2872 1276.
1713 2815 1825 2872 4de
1870 2814 2212 2872 December.

695 2928 961 2977 «Iohannes
999 2929 1152 2992 episc.
1192 2944 1322 2978 seru.
1370 2943 1561 2978 seruor.
1615 2929 1693 2978 dei
1748 2930 1985 2978 venerab.
2038 2929 2186 2978 fratri
2235 2937 2413 2979 nostro
2454 2965 2465 2977 .
2506 2965 2517 2978 .
2557 2931 2945 2998 archiepiscopo

559 3011 873 3061 Nidrosiensi
909 3012 1060 3060 salut.
1098 3023 1150 3062 et
1184 3013 1405 3077 apostol.
1450 3014 1698 3062 benedict.
1794 3014 1966 3062 Habet
2018 3024 2104 3062 tue
2156 3012 2490 3063 fraternitatis
2543 3019 2758 3066 assertio
2808 3018 2947 3080 quod

561 3095 752 3143 dudum
788 3097 849 3144 de
886 3095 1095 3146 ciuitate
1130 3096 1479 3160 Lugdunensi,
1517 3099 1738 3147 concilio
1774 3097 1897 3145 inibi
1932 3097 2190 3145 celebrato
2226 3100 2484 3158 recedenS,
2530 3106 2742 3164 propter
2792 3102 2946 3149 maris

561 3179 762 3241 aliaque
798 3180 949 3244 plura
984 3195 1081 3243 que
1117 3189 1523 3244 superuenerunt
1571 3182 1937 3245 impedimenta
1989 3181 2080 3229 uix
2132 3179 2267 3230 infra
2325 3189 2570 3231 semestre
2629 3190 2828 3248 tempus
2881 3186 2948 3233 ad

562 3271 701 3312 tuam
737 3264 952 3326 potuisti
988 3265 1257 3315 ecclesiam
1293 3266 1574 3328 peruenire.
1611 3268 1826 3328 ideoque
1863 3266 1927 3314 ob
1964 3265 2201 3313 instantis
2238 3272 2359 3314 tunc
2396 3266 2725 3328 asperitatem
2749 3264 2944 3332 hyemis

562 3346 789 3395 eiusdem
824 3356 1019 3397 statuta
1053 3349 1253 3410 concilij
1292 3348 1425 3397 infra
1461 3357 1580 3398 tunc
1618 3350 1864 3399 currentis
1902 3350 2021 3397 anni
2057 3350 2277 3412 spatium
2314 3351 2450 3400 clero
2487 3352 2629 3414 regni
2674 3351 2948 3415 Norwagie

563 3430 797 3480 intimare
833 3433 1040 3481 minime
1091 3434 1318 3496 potuisti.
1370 3443 1581 3496 propter
1616 3436 1750 3497 quod
1797 3434 1850 3482 in
1901 3434 2139 3498 proximo
2177 3442 2297 3482 tunc
2334 3437 2562 3498 sequenti
2599 3452 2736 3487 anno
2773 3439 2847 3487 illi
2885 3441 2952 3488 ad

565 3530 692 3578 quos
730 3524 874 3565 tuum
908 3519 1077 3581 potuit
1111 3518 1376 3581 peruenire
1412 3520 1711 3567 mandatum
1747 3519 1997 3566 decimam
2031 3518 2236 3567 'soluere
2277 3519 2599 3570 inchoarunt.
2669 3522 2821 3571 Vnde
2860 3523 2950 3571 tibi

566 3599 840 3662 significari
873 3596 1081 3665 petebas
1118 3608 1286 3650 utrum
1325 3603 1401 3651 de'
1446 3603 1766 3665 beneplacito
1821 3602 2104 3664 apostolice
2163 3604 2296 3651 sedis
2350 3606 2593 3666 procedat
2645 3615 2702 3655 ut
2760 3608 2951 3655 decime

566 3686 712 3748 primi
747 3687 867 3734 anni
903 3686 1050 3735 dictis
1086 3686 1282 3736 clericis
1320 3688 1655 3748 remittantur,
1692 3703 1760 3736 an
1796 3692 1853 3734 ut
1887 3688 2145 3749 completo
2184 3702 2319 3736 anno
2355 3695 2474 3750 post
2507 3691 2642 3739 idem
2678 3691 2952 3741 concilium

569 3784 660 3818 sex
696 3770 813 3818 anni
851 3771 1125 3820 decimales
1162 3771 1408 3834 incipiant
1441 3771 1712 3820 numerari.
1783 3770 1891 3820 Nos
1916 3771 2074 3833 igitur
2097 3772 2163 3819 ad
2188 3774 2563 3835 promotionem
2588 3774 2783 3837 negotij
2820 3782 2952 3826 terre

569 3861 743 3904 sancto
778 3857 996 3917 sollicite
1031 3857 1368 3915 intendente8‚
1407 3871 1500 3905 nec
1537 3857 1771 3906 uolentes
1808 3855 2087 3904 subsidium
2131 3856 2355 3917 predicte
2408 3862 2540 3906 terre
2600 3859 2809 3907 diminui
2863 3861 2954 3909 sed

570 3939 760 4002 augeri.
796 3938 1104 3989 fraternitati
1139 3947 1226 3989 tue
1263 3954 1353 4003 per
1387 3940 1672 4003 apostolica
1705 3941 1894 4004 scripta
1929 3940 2229 3988 mandamus
2266 3941 2501 4002 quatinus
2548 3943 2804 4005 predictos
2859 3959 2953 3993 sex

570 4023 841 4072 decimales
877 4039 1040 4073 annos
1076 4024 1140 4073 ab
1178 4025 1320 4072 exitu
1357 4024 1505 4087 primi
1541 4025 1660 4074 anni
1695 4031 1815 4088 post
1849 4024 2121 4073 concilium
2155 4026 2504 4086 supradictum
2528 4027 2740 4090 incipias
2775 4043 2953 4078 nume-

572 4121 699 4168 rare,
735 4113 792 4156 ut
825 4108 1056 4171 predicta
1090 4115 1223 4157 terra
1258 4122 1504 4157 concesso
1541 4108 1637 4157 sibi
1673 4108 1899 4158 subsidio
1934 4109 1989 4158 in
2024 4109 2197 4172 aliquo
2233 4109 2437 4158 minime
2464 4109 2808 4162 defraudetur.
2845 4113 2954 4162 Da·
3009 4146 3012 4147 ν

574 4199 680 4241 tum
716 4192 936 4254 Viterbij
978 4192 1046 4255 ‚ij.
1083 4207 1244 4241 nonas
1280 4193 1580 4241 Decembris
1617 4192 1945 4256 pontificatus
1981 4192 2144 4243 nostri
2183 4206 2318 4241 anno
2354 4195 2533 4255 primo.

1289 4274 1417 4318 (Aroh.
1450 4276 1534 4314 Van.
1562 4275 1653 4322 Reg.
1681 4276 1767 4313 Joh.
1802 4277 1899 4314 xxl.
1930 4287 1992 4316 au.
2021 4277 2046 4314 l.
2077 4287 2133 4323 cp.
2163 4271 2241 4316 98).

1332 4415 1426 4472 10.
1518 4415 1693 4472 1279.
1784 4416 1923 4472 31te
1961 4414 2205 4472 Januar.

709 4529 954 4580 Nicolaus
991 4529 1146 4594 episc.
1185 4545 1317 4578 seru.
1356 4544 1548 4579 seruor.
1586 4530 1667 4578 dei
1693 4530 1931 4578 venerab.
1966 4528 2108 4579 fratri
2138 4565 2149 4577 .
2178 4565 2189 4577 .
2216 4530 2604 4596 archiepiscopo
2639 4530 2956 4580 Nidrosiensi

577 4614 724 4663 salut.
763 4621 814 4663 et
849 4613 1069 4678 apostol.
1106 4613 1356 4661 benedict.
1425 4613 1734 4664 Litterarum
1773 4621 1977 4662 tuarum
2012 4615 2166 4662 series
2203 4613 2350 4662 nobis
2397 4628 2557 4676 nuper
2581 4615 2810 4664 exhibita
2834 4630 2957 4664 con-

576 4698 787 4760 tinebat,
822 4698 960 4761 quod
997 4696 1220 4747 secundo
1257 4711 1393 4746 anno
1430 4699 1771 4748 concessionis
1810 4697 2003 4746 decime
2037 4697 2090 4745 in
2112 4695 2444 4758 Lugdunensi
2482 4698 2701 4747 concilio
2736 4714 2829 4762 per
2864 4713 2960 4748 sex

2478 4769 2555 4825 10
