3534 5361
1641 330 1757 392 149

510 512 825 571 remanserit,
861 511 1058 561 reddita
1093 511 1307 571 ratione,
1344 517 1396 560 et
1430 516 1675 574 quantum
1712 526 1803 571 per
1839 518 1889 559 te
1924 511 1977 559 in
2012 511 2285 560 Franciam
2324 513 2711 570 transmittetur,
2738 513 2891 576 depo-

510 594 670 657 sitarij
710 610 829 646 vero
865 603 1112 659 quantum
1148 595 1429 658 receperint
1465 595 1559 644 sub
1597 603 1686 644 tua
1721 604 1773 644 et
1809 597 2099 644 eorumdem
2138 596 2495 659 episcoporum
2533 611 2592 645 ac
2628 598 2892 661 deposita-

510 680 699 730 riorum
737 679 918 743 sigillis
954 679 1099 729 nobis
1136 695 1225 742 per
1258 686 1494 742 patentes
1530 680 1729 729 litteras
1767 679 1993 743 plenarie
2014 680 2275 729 intimetur
2295 688 2350 729 ut
2372 680 2445 730 sic
2470 695 2714 745 apparere
2733 682 2896 744 possit

511 764 577 812 ad
611 764 835 827 plenum,
873 779 939 814 an
975 771 1152 823 totum,
1190 765 1327 828 quod
1363 780 1394 813 a
1431 772 1479 813 te
1516 771 1776 827 receptum
1813 763 1980 823 fuerit,
1998 766 2294 827 deponatur.
2362 764 2560 814 Datum
2576 763 2737 813 Rome
2758 765 2894 826 apud

511 855 744 897 sanctum
779 848 987 898 Petrum
1025 865 1085 897 .v.
1123 850 1235 898 idus
1272 848 1416 911 Junij
1456 849 1782 912 pontificatus
1817 849 1977 898 nostri
2015 864 2155 899 anno
2193 851 2434 899 secundo·

1228 929 1361 977 (Arch.
1396 932 1478 971 vat.
1510 932 1602 979 Beg.
1633 933 1715 970 Nic.
1747 931 1805 970 ΙΙΙ.
1835 941 1896 969 an.
1926 931 1963 968 ΙΙ.
1995 942 2055 980 ep.
2086 928 2187 976 ¹40).

1325 1156 1416 1212 17.
1511 1155 1689 1212 1279.
1772 1154 1883 1212 9de
1925 1154 2085 1212 Juni.

645 1267 890 1320 Nicolaus
927 1270 1196 1333 episcopus
1231 1285 1270 1319 s,
1309 1285 1349 1319 s.
1388 1271 1434 1319 d.
1472 1269 1662 1319 dilecto
1696 1269 1806 1318 filio
1829 1270 2076 1332 magistro
2102 1269 2389 1321 Bertrando
2414 1270 2775 1321 Amalricietc.
2798 1275 2892 1318 etc.

511 1354 727 1403 salutem
746 1360 839 1402 etc.
892 1353 1063 1418 vaer
1097 1369 1163 1402 ex
1202 1354 1330 1403 serie
1353 1354 1640 1404 litterarum
1665 1360 1867 1403 tuarum
1887 1354 2035 1405 nobis
2058 1354 2297 1415 innotuit,
2313 1357 2444 1419 quod
2460 1371 2575 1405 cum
2597 1355 2767 1404 clerici
2790 1355 2895 1403 col·

510 1438 729 1487 lectores
766 1437 975 1499 decime,
1013 1455 1140 1501 quos
1176 1440 1226 1488 in
1262 1439 1418 1488 Datie
1455 1445 1505 1487 et
1541 1436 1714 1487 Suetie
1751 1438 1922 1502 regnis
1960 1440 2248 1502 deputaraS,
2267 1441 2319 1490 in
2348 1442 2597 1505 quosdam
2612 1455 2677 1488 ex
2699 1438 2894 1488 clericis

509 1522 732 1572 ciuitatis
751 1522 1011 1573 Searensis
1036 1538 1130 1585 pro
1149 1539 1209 1573 eo
1229 1526 1363 1587 quod
1383 1523 1631 1572 decimam
1651 1522 1940 1571 reddituum
1964 1538 2174 1573 suorum
2193 1524 2655 1575 ecclesiasticorum
2673 1523 2893 1572 debitam

510 1606 736 1656 subsidio
774 1615 905 1656 terre
941 1615 1114 1657 sancte
1141 1608 1367 1671 requisiti
1406 1607 1606 1657 soluere
1644 1607 1983 1669 denegabant,
2006 1608 2549 1659 excommunicationis
2575 1607 2894 1667 sententiam,

508 1692 748 1754 exigente
782 1691 992 1751 iustitia,
1030 1693 1455 1756 promulgassent,
1491 1691 1655 1741 clerus
1692 1692 1919 1740 eiusdem
1957 1692 2179 1742 ‹·iuitatis
2227 1693 2277 1743 in
2331 1695 2538 1743 eosdem
2592 1692 2894 1742 collectores

492 1776 754 1841 ‘impetum
791 1777 1099 1826 unanimiter
1133 1777 1394 1838 facientes,
1433 1776 1562 1824 adeo
1600 1776 1929 1825 uehementer
1963 1784 2142 1825 contra
2178 1793 2267 1827 eos
2304 1777 2530 1841 gladium
2567 1776 2897 1838 exagitarunt

507 1858 709 1920 furoriS,
746 1861 884 1933 quoq
922 1862 1010 1909 uix
1045 1861 1200 1924 ijdem
1237 1862 1415 1912 mortis
1450 1859 1733 1927 periculum
1770 1858 1891 1922 fuge
1925 1861 2148 1925 presidio
2184 1869 2473 1922 euaserunt,
2507 1869 2660 1924 tuque
2695 1875 2760 1909 ex
2797 1860 2896 1909 hoc

506 1950 700 1993 terrore
735 1945 1031 2007 perterritus
1067 1946 1267 1995 concite
1303 1951 1515 1994 coactus
1552 1942 1691 1992 suisti
1728 1944 1988 1993 ciuitatem
2025 1945 2304 2009 relinquere
2340 1953 2687 1996 memoratam.
2760 1941 2897 2004 Quia

506 2029 663 2092 igitur
696 2029 987 2079 huiusmodi
1021 2031 1415 2094 presumptionis
1453 2043 1691 2079 excessus
1729 2027 2011 2078 dinoscitur
2055 2044 2157 2080 non
2209 2031 2315 2078 sine
2368 2030 2555 2079 iniuria
2613 2029 2896 2093 apostolice

507 2114 640 2163 sedis
678 2121 729 2162 et
763 2113 1067 2164 detrimento
1102 2114 1295 2178 negotij
1335 2115 1562 2164 eiusdem
1598 2121 1729 2163 terre
1763 2121 2072 2177 presumtus,
2110 2114 2403 2163 discretioni
2446 2121 2532 2164 tue
2586 2129 2676 2178 per
2730 2121 2895 2176 apost.

509 2211 603 2246 scr.
641 2198 960 2257 mandamus,
996 2206 1243 2261 qnatenus
1278 2200 1474 2248 vocatis
1511 2197 1596 2260 qui
1630 2196 1821 2246 fuerint
1856 2200 2105 2249 euocandi
2134 2199 2359 2263 inquiras
2402 2206 2584 2250 contra
2606 2197 2896 2247 huiusmodi

510 2296 810 2331 excessuum
869 2290 1251 2348 presumptores
1304 2283 1597 2345 diligentius
1652 2288 1935 2347 veritatem,
1989 2291 2040 2333 et
2094 2286 2135 2333 si
2188 2283 2542 2336 malefactores
2595 2284 2749 2346 ipsoS‚
2810 2283 2895 2345 qui

508 2381 723 2429 magnos
761 2365 1123 2416 commiserunt
1160 2375 1418 2429 excessus,
1455 2370 1545 2418 tibi
1582 2370 1871 2420 constiterit
1894 2384 2088 2435 paucos
2114 2384 2241 2429 esse,
2260 2368 2513 2432 predictos
2540 2367 2895 2417 malefactores

509 2464 575 2500 ex
611 2457 754 2515 parte
790 2457 968 2499 nostra
1001 2454 1305 2515 peremtorie
1340 2452 1497 2503 citare
1548 2470 1808 2520 procureS,
1868 2462 1925 2504 ut
1981 2452 2117 2503 infra
2174 2452 2445 2502 terminum
2504 2458 2895 2516 competentem,

508 2551 656 2599 quem
692 2537 763 2585 eis
799 2536 866 2584 ad
900 2536 998 2586 hoc
1032 2537 1370 2600 peremptorie
1397 2539 1605 2589 duxeris
1630 2540 1998 2604 prefigendum‚
2019 2537 2355 2604 personaliter
2372 2543 2702 2600 compareant
2721 2551 2895 2585 coram

507 2621 667 2670 nobis.
729 2620 769 2670 si
807 2634 933 2670 uero
966 2620 1241 2671 multitudo
1277 2621 1343 2670 sit
1378 2622 1429 2672 in
1467 2638 1637 2686 causa,
1675 2624 1875 2689 aliquos
1912 2638 1976 2672 ex
2012 2624 2102 2683 eiS,
2142 2637 2270 2687 quos
2300 2622 2391 2672 tibi
2420 2623 2583 2687 magis
2614 2620 2894 2686 culpabiles

505 2722 616 2756 esse
652 2707 951 2766 constiterit,
989 2707 1125 2769 quod
1161 2708 1512 2771 personaliter,
1567 2710 1694 2759 alios
1750 2725 1891 2768 uero,
1947 2725 2073 2773 quos
2129 2708 2190 2756 de
2250 2709 2360 2772 ipsa
2411 2707 2752 2766 multitudine,
2810 2705 2894 2769 qui

506 2807 718 2854 magnos
755 2805 995 2841 excessus
1034 2792 1347 2841 commisisse
1383 2793 1637 2856 dicuntur,
1673 2809 1873 2844 necnon
1911 2800 1973 2843 'et
2024 2794 2159 2853 illos,
2213 2808 2343 2856 quos
2397 2807 2498 2842 non
2558 2793 2687 2841 adeo
2745 2805 2897 2854 super

505 2877 601 2926 hoc
638 2876 790 2938 culpa
825 2876 996 2938 grauis
1033 2885 1257 2934 accusat,
1297 2878 1432 2939 quod
1471 2893 1558 2942 per
1592 2886 1957 2941 procuratores
1992 2879 2221 2941 ydoneos
2258 2877 2309 2925 in
2347 2876 2563 2925 termino
2620 2889 2767 2938 quem
2824 2875 2893 2923 eis

506 2963 572 3011 ad
606 2962 703 3010 hoc
738 2961 1017 3024 prefixeris,
1066 2961 1352 3026 apostolico
1405 2976 1459 3010 se
1519 2963 1815 3026 conspectui
1867 2969 2229 3026 representem,
2282 2976 2467 3024 penam
2525 2958 2747 3007 debitam
2802 2974 2895 3022 pro

506 3045 695 3094 meritis
731 3044 997 3108 recepturi,
1034 3044 1266 3093 similiter
1300 3045 1459 3095 citare
1495 3061 1753 3111 procure3‚
1793 3049 1926 3096 diem
1981 3061 2103 3095 uero
2157 3045 2414 3094 citationis
2469 3050 2520 3093 et
2573 3042 2807 3102 formam,
2846 3051 2896 3092 et

507 3128 742 3192 quicquid
777 3129 894 3177 inde
930 3126 1126 3190 feceris,
1163 3143 1253 3193 per
1287 3136 1402 3179 tuas
1439 3130 1634 3181 litteras
1673 3132 1856 3181 harum
1893 3129 2074 3178 seriem
2109 3129 2424 3179 continentes
2478 3128 2624 3177 nobis
2677 3127 2895 3176 fideliter

507 3214 712 3262 studeas
746 3212 994 3267 intimare.
1065 3213 1259 3262 Datum
1296 3214 1459 3264 Rome
1498 3217 1633 3279 apud
1670 3221 1903 3264 sanctum
1928 3214 2138 3262 Petrum
2158 3229 2218 3261 .v.
2254 3213 2367 3262 idus
2394 3212 2429 3261 J
2435 3211 2539 3274 unij
2566 3211 2894 3273 pontificatus

506 3297 670 3347 nostri
705 3311 840 3347 anno
879 3296 983 3359 ‚ijqo

1222 3378 1354 3424 (Arch.
1385 3381 1467 3418 vat.
1499 3381 1592 3428 aeg.
1620 3383 1701 3420 Nic·
1733 3382 1788 3419 ΙΙΙ.
1821 3392 1883 3421 an.
1913 3381 1956 3420 ΙΙ.
1986 3392 2045 3430 ep.
2081 3378 2187 3423 142).

1318 3607 1412 3668 18.
1504 3606 1683 3664 1279.
1777 3605 1890 3663 9de
1932 3605 2095 3665 Juni.

635 3717 878 3769 Nicolaus
915 3720 1182 3783 episcopus
1220 3735 1259 3768 s.
1300 3736 1337 3768 s.
1376 3722 1423 3769 d.
1464 3721 1654 3771 dilecto
1690 3722 1797 3770 filio
1849 3722 2095 3784 magistro
2147 3720 2434 3769 Bertrando
2484 3719 2734 3768 Amalrici
2794 3727 2890 3768 etc.

504 3810 600 3851 etc.
667 3803 883 3852 salutem
919 3810 1014 3851 etc.
1075 3804 1161 3851 Ex
1199 3810 1288 3852 tna
1329 3819 1489 3868 nuper
1523 3805 1867 3855 insinuatione
1904 3804 2209 3867 accepimus,
2246 3805 2379 3867 quod
2418 3803 2488 3866 hij
2529 3820 2655 3867 quos
2693 3805 2743 3852 in
2781 3821 2893 3864 par-

504 3887 635 3936 tibus
670 3887 773 3935 illis
811 3887 1112 3938 collectores
1151 3888 1344 3937 decime
1383 3889 1654 3951 deputasti,
1710 3889 2092 3938 considerantes
2145 3890 2461 3952 prudentius,
2483 3891 2635 3959 'quod
2689 3897 2893 3952 propter

503 3972 731 4021 crebram
767 3972 1105 4021 mutationem
1153 3981 1355 4020 monete
1410 3974 1700 4022 earum'dcm
1755 3973 1976 4035 partium
2030 3972 2249 4036 pecnnia
2300 3973 2517 4022 collecta
2577 3974 2638 4021 de
2696 3975 2894 4022 decima

505 4056 654 4105 uilior
687 4056 1011 4116 reddebatur,
1049 4071 1109 4104 ac
1145 4061 1354 4119 propter
1388 4057 1489 4106 hoc
1524 4059 1785 4120 cupientes
1823 4057 2176 4120 indempnitati
2217 4066 2346 4105 terre
2385 4065 2557 4106 sancte
2612 4058 2892 4107 consultius

506 4155 794 4203 precauere,
834 4142 1098 4201 pecuniam
1137 4140 1428 4189 huiusmodi
1467 4141 1560 4189 sub
1598 4156 1658 4190 ea
1695 4142 1986 4190 conditione
2024 4142 2236 4190 diuersis
2291 4141 2590 4189 tradiderint
2641 4141 2891 4205 personiS‚

505 4232 560 4274 ιιι
596 4225 702 4289 ipse
739 4226 963 4274 eiusdem
1003 4224 1391 4274 extimationem
1428 4227 1756 4274 restituerent
1804 4235 1942 4276 certo
1995 4228 2213 4276 termino
2268 4226 2320 4273 in
2374 4235 2600 4288 argento.
2698 4224 2891 4274 Verum

507 4314 640 4372 quia,
677 4316 736 4358 ut
771 4309 972 4369 asseris,
1012 4310 1256 4359 nonnulla
1309 4324 1375 4357 ex
1429 4311 1659 4373 personis
1711 4311 1833 4373 ipsis
1893 4311 2277 4359 extimationem
2338 4311 2549 4374 pecunie
2603 4311 2893 4358 huiusmodi

504 4397 576 4446 sic
612 4398 684 4445 eis
721 4396 907 4445 tradite
942 4395 1209 4442 restituere
1244 4393 1293 4441 in
1333 4395 1547 4443 termino
1585 4394 1816 4458 predicto
1853 4394 2043 4443 eisdem
2090 4395 2448 4444 collectoribus
2504 4394 2737 4457 requisite
2786 4410 2891 4443 non

504 4490 700 4541 curant,
735 4494 830 4528 nos
867 4478 1097 4526 uolentes
1138 4492 1290 4540 super
1325 4478 1423 4526 hoc
1460 4478 1521 4525 de
1559 4485 1813 4541 oportuno
1851 4479 2076 4527 remedio
2134 4479 2418 4541 prouidere.
2484 4487 2586 4528 tam
2649 4494 2890 4542 personas

503 4560 795 4613 huiusmodi
832 4575 984 4624 quam
1021 4562 1166 4621 alias,
1205 4562 1385 4624 quibus
1421 4561 1473 4609 in
1511 4569 1772 4625 posterum
1809 4564 1902 4610 sub
1939 4563 2227 4612 huiusmodi
2282 4564 2568 4612 conditione
2623 4563 2888 4627 pecuniam

503 4646 795 4697 huiusmodi
831 4646 1030 4695 tradere
1067 4647 1344 4707 continget,
1380 4647 1446 4694 ad
1484 4647 1792 4694 reddendam
1830 4646 2214 4695 extimationem
2252 4646 2541 4695 huiusmodi
2591 4648 2802 4710 pecunie
2837 4647 2890 4695 in
