3534 5361
1670 374 1749 428 88

529 578 633 617 nos
680 569 736 616 et
780 560 1024 618 ecclesia
1067 561 1333 617 Romana
1394 577 1499 633 pro
1566 556 1746 632 ipsius
1818 559 2144 618 defensione
2212 560 2474 630 ecclesie,
2538 561 2906 637 tuicioneque

529 660 661 717 fidei
703 660 992 717 katholice
1037 680 1150 736 que
1204 678 1308 734 per
1372 657 1616 715 rebelles
1682 667 1739 715 et
1805 661 2089 720 hereticos
2157 662 2455 737 presertim
2520 662 2576 718 in
2645 663 2906 737 partibus

530 761 727 819 Ytalie
772 770 909 819 tunc
950 761 1440 835 impugnabantur
1478 769 1531 815 et
1579 759 1769 816 adhuc
1813 760 2226 836 impugnantur
2284 763 2605 838 periculose
2669 763 2904 819 nlmium

530 862 923 936 grauabamur
968 869 1024 918 et
1066 880 1381 936 grauamur
1424 859 1695 917 continue
1748 880 1926 936 super
1989 862 2159 935 vires,
2226 873 2448 921 certum
2510 863 2905 938 pecuniarium

531 962 848 1020 subsidium
893 982 1000 1038 pro
1044 963 1271 1019 vtiliore
1316 961 1683 1019 releuacione
1728 981 1967 1020 onerum
2012 965 2338 1022 huiusmodi
2384 963 2549 1021 nobis
2607 974 2663 1021 et
2721 964 2908 1021 eidem

533 1063 776 1121 ecclesie
821 1063 1090 1120 duxerint
1134 1064 1448 1121 liberaliter
1490 1062 1641 1119 sicut
1684 1064 2018 1139 accepimus
2063 1064 2439 1134 offerendum,
2464 1065 2590 1122 Nos
2618 1065 2909 1124 intellecto

534 1163 691 1240 quod
737 1172 896 1221 cert-a
941 1184 1074 1240 pars
1131 1164 1384 1222 eiusdem
1448 1161 1685 1235 subsidij
1752 1164 2004 1223 Prelatis
2069 1164 2342 1242 predictis
2407 1166 2481 1222 ab
2548 1166 2911 1225 inferioribus

535 1263 724 1321 extitit
767 1265 1082 1339 persoluta,
1127 1276 1184 1322 et
1226 1283 1436 1340 magna
1481 1283 1615 1339 pars
1654 1263 1771 1321 alia
1828 1276 1946 1322 tam
2014 1286 2119 1342 per
2182 1265 2450 1324 Prelatos
2513 1267 2671 1341 ipsos
2737 1286 2911 1343 quam

535 1364 679 1422 alias
722 1385 1001 1441 personas
1046 1365 1467 1423 ecclesiasticas
1511 1372 1729 1421 restare
1773 1366 2031 1424 noscitur
2089 1366 2494 1443 persoluenda,
2537 1367 2912 1425 Discrecione

446 1524 453 1531 ,
536 1475 635 1523 tue
676 1485 781 1541 per
823 1467 1145 1543 apostolica
1199 1466 1415 1542 scripta
1482 1465 1890 1523 committimus
1958 1476 2015 1524 et
2082 1469 2424 1526 mandamus
2489 1477 2773 1543 quatenus
2838 1469 2911 1526 ad

346 4168 409 4205 fol.
424 4166 474 4205 5⁶3
492 4177 526 4202 ι.

536 1577 731 1642 partes
772 1568 1058 1626 dictorum
1104 1568 1440 1642 Regnorum
1486 1575 1541 1622 te
1588 1565 1886 1625 conferens
1931 1568 2005 1624 ab
2050 1569 2265 1627 eisdem
2309 1568 2556 1627 Prelatis
2614 1578 2732 1625 tam
2795 1570 2911 1627 col-

534 1668 745 1725 lectam
790 1688 964 1745 quam
1007 1668 1260 1725 debitam
1302 1678 1365 1723 vt·
1409 1665 1691 1742 prefertur
1735 1666 1807 1722 de
1830 1667 2089 1726 subsidio
2117 1671 2377 1746 predicto
2402 1670 2708 1746 pecuniam
2738 1689 2912 1744 quam

539 1769 665 1843 alijs
709 1770 968 1845 personis
1014 1768 1417 1827 ecclesiasticis
1460 1767 1808 1844 supradictis
1851 1778 2047 1844 petere
2113 1789 2182 1826 ac
2252 1769 2510 1845 recipcre
2576 1790 2692 1827 non
2757 1780 2913 1846 post-

538 1890 741 1947 ponas,
778 1872 858 1929 Et
901 1872 1036 1928 licet
1078 1869 1455 1945 probabiliter
1500 1868 1831 1928 estimemus
1876 1871 2032 1945 quod
2089 1871 2282 1928 nullus
2326 1890 2500 1946 super
2542 1882 2659 1928 tam
2706 1871 2915 1928 carita-

538 1972 662 2028 tiuo
706 1971 962 2030 subsidio
1005 1972 1089 2030 sic
1134 1971 1329 2028 oblato
1373 1968 1688 2025 liberaliter
1731 1969 2116 2045 persoluendo
2162 1970 2564 2030 difficultatem
2619 1973 2917 2049 prestabit,

539 2072 636 2129 Ex
679 2073 1034 2131 habundanti
1082 2082 1273 2128 tamen
1319 2071 1365 2129 si
1422 2072 1531 2127 hoc
1597 2071 1959 2146 contingeret
2023 2092 2400 2149 quoscunque
2467 2074 2566 2148 qui
2633 2075 2707 2131 ad
2772 2073 2915 2130 illud

539 2183 827 2244 tenentur,
870 2173 1343 2243 contradictoreS,
1384 2172 1782 2247 cuiuscunque
1828 2180 2029 2245 statuS,
2072 2176 2292 2249 gradus
2336 2173 2551 2232 ordinis
2617 2174 2713 2232 uel
2781 2194 2916 2231 con-

542 2276 783 2334 dicionis
828 2276 1096 2343 existant,
1142 2274 1315 2332 etiam
1354 2273 1401 2331 si
1448 2271 1763 2348 pontificali
1808 2269 1914 2331 uel'
1947 2276 2156 2349 quauis
2200 2275 2315 2332 alia
2368 2275 2728 2351 premineant
2794 2276 2917 2351 dig-

541 2377 739 2447 nitate,
779 2377 1126 2436 auctoritate
1183 2384 1379 2435 nostra
1446 2373 1847 2450 appellacione
1916 2385 2048 2450 post
2109 2378 2298 2452 posita
2358 2396 2715 2452 compescas,
2784 2377 2917 2434 Non

541 2480 804 2537 obstante
848 2479 896 2537 si
941 2480 1023 2537 eis
1066 2477 1161 2535 uel
1207 2496 1405 2534 eorum
1450 2475 1739 2551 aliquibus
1786 2477 2165 2535 communiter
2225 2478 2318 2534 uel
2385 2478 2612 2535 diuisim
2680 2499 2716 2534 a
2782 2479 2919 2535 sede

540 2580 920 2656 apostolicam
964 2580 1038 2638 sit
1079 2578 1364 2637 indultum
1411 2576 1567 2652 quod
1611 2576 1895 2649 interdici,
1939 2579 2215 2654 suspendi
2272 2578 2367 2636 uel
2426 2579 2918 2637 excommunicari

539 2703 653 2740 non
700 2682 920 2758 possint
962 2702 1066 2758 per
1110 2680 1329 2738 litteras
1374 2676 1725 2754 apostolicas
1771 2699 1885 2736 non
1930 2678 2203 2739 facientes
2258 2682 2485 2756 plenam
2554 2691 2610 2739 et
2680 2701 2915 2757 expres-

539 2802 662 2841 sam
704 2803 774 2841 ac
819 2785 890 2841 de
934 2784 1116 2840 uerbo
1163 2782 1235 2838 ad
1282 2781 1524 2838 uerbum
1570 2781 1641 2838 de
1691 2780 1916 2838 indulto
1974 2782 2300 2839 huiusmodi
2370 2783 2744 2851 mencionem,
2795 2783 2919 2840 Vo-

539 2884 732 2943 lumus
776 2896 971 2944 autem
1016 2884 1173 2962 quod
1220 2902 1317 2939 eos
1359 2882 1458 2958 qui
1502 2882 1603 2939 tibi
1648 2882 1953 2957 pecuniam
2002 2883 2138 2940 dicti
2184 2882 2420 2956 subsidij
2468 2885 2740 2942 duxerint
2787 2903 2914 2959 per·

539 2987 876 3044 soluendam
916 2986 1011 3043 uel
1058 2985 1232 3041 etiam
1291 2984 1696 3058 assignandam
1754 2983 2056 3041 absoluere
2123 2984 2321 3041 valeas
2392 2995 2448 3041 et
2515 2986 2783 3061 quittare,
2823 2985 2918 3041 De

540 3087 647 3162 hijs
691 3108 803 3164 que
848 3089 980 3145 inde
1026 3090 1099 3145 ab
1145 3087 1282 3163 ipsis
1325 3086 1582 3161 recipere
1627 3095 1684 3142 te
1730 3085 2042 3160 continget,
2076 3106 2182 3144 nos
2223 3087 2517 3143 reddendo
2566 3106 2668 3161 per
2695 3086 2917 3160 jnstru·

541 3198 735 3246 menta
770 3189 1004 3264 publica
1049 3209 1161 3265 que
1205 3188 1339 3244 inde
1379 3187 1501 3244 fieri
1547 3186 1817 3244 uolumus
1872 3187 2292 3245 nicholominus
2347 3188 2651 3259 cerciores,
2696 3187 2916 3244 Datum

540 3290 836 3347 Auinione
882 3289 998 3364 .iiij.
1044 3289 1322 3347 kalendas
1366 3287 1666 3363 Februarij
1713 3287 2095 3346 Pontificatus
2142 3288 2319 3347 nostri
2361 3308 2512 3346 anno
2562 3286 2698 3362 .xvj.

711 3389 973 3463 Quarum
1014 3391 1358 3448 auctoritate
1396 3390 1452 3446 in
1500 3390 1653 3446 dicto
1696 3389 2019 3464 procedens
2062 3390 2306 3464 negocio
2364 3390 2558 3465 recepi
2619 3400 2921 3463 argentum

545 3502 601 3549 et
642 3492 920 3568 pecunias
960 3491 1371 3567 infrascriptas.

898 4135 1001 4204 De
1054 4132 1352 4205 subsidio
1406 4131 1653 4203 domini
1706 4155 1879 4227 pape
1931 4135 1997 4202 in
2050 4130 2291 4202 Suecia
2345 4130 2581 4201 soluto.

715 4309 895 4365 Anno
941 4308 1037 4364 dfii
1084 4315 1183 4364 .m‘!
1228 4315 1356 4366 ccc‘!
1399 4306 1600 4381 xxxiij.
1645 4306 1737 4363 die
1783 4326 1938 4363 .xxv.
1986 4305 2226 4381 Aprilis.
2271 4305 2488 4383 Recepi
2534 4325 2568 4361 a
2616 4305 2732 4361 dfio
2773 4304 2925 4361 Boe-

551 4410 642 4467 cio
688 4409 982 4485 Episcopo
1026 4409 1381 4467 Vexionensi
1427 4428 1532 4484 per
1571 4428 1775 4466 manus
1822 4408 2066 4465 dfiorum
2100 4406 2388 4482 jngemari
2448 4406 2734 4481 Prepositi
2783 4407 2923 4465 Sca-

550 4511 690 4569 talef
729 4519 786 4567 et
821 4510 1092 4567 Thauriri
1139 4510 1478 4569 clericorum
1525 4529 1761 4568 suorum
1803 4509 1874 4566 de
1918 4509 2113 4567 oblato
2159 4509 2379 4584 pridem
2427 4509 2542 4566 dfio
2589 4527 2741 4582 pape
2786 4508 2921 4565 sub-

548 4613 695 4672 sidio
736 4640 819 4649 -
864 4631 939 4668 .x.
984 4631 1160 4668 marc.
1208 4630 1332 4686 arg.
1380 4611 1652 4686 ponderis
1697 4610 2170 4670 StokholmensiS.

1213 4714 1459 4787 Recepit
1489 4711 1939 4785 jnstrumentum
1984 4712 2263 4770 Jacobus.
