3534 5361
1758 351 1878 412 144

622 535 843 598 quinque
879 550 940 583 ac
977 535 1148 599 plures
1185 534 1363 593 eciam,
1403 543 1452 583 te
1505 550 1595 598 per
1629 536 1755 584 talia
1790 535 1907 584 loca
1943 538 2217 598 procedere
2253 541 2472 599 oportet,
2508 535 2561 583 in
2595 533 2777 595 quibus
2813 531 2879 582 ob
2916 531 3008 580 do·

620 633 819 666 morum
857 617 1127 676 defectum,
1167 627 1333 667 tecum
1371 619 1569 668 deferre
1606 621 1827 669 tentoria
1879 620 2097 681 cogeris,
2157 620 2366 668 concedi
2420 619 2511 667 tibi
2565 624 2623 666 ut
2677 631 2769 681 per
2804 616 3010 663 easdem

623 701 853 751 dioceses
890 717 1042 766 super
1076 703 1380 752 collectione
1416 704 1575 766 ipsius
1612 705 1806 752 decime
1844 713 2011 751 certos
2048 704 2252 751 nuntius
2288 712 2403 751 tuos
2440 703 2669 765 ydoneos
2695 710 2747 749 et
2764 701 3009 749 discretos

622 786 864 833 mandato
910 788 1197 849 apostolico
1252 789 1504 836 contrario
1559 802 1663 836 non
1722 789 1956 836 obstante
2010 789 2257 851 deputare
2308 786 2486 835 ualeas
2538 784 2829 849 postulasti.
2897 781 3009 831 Nos

622 869 793 930 itaque
830 876 919 917 tua
954 879 1006 918 et
1041 871 1254 919 ecclesie
1291 879 1374 918 tue
1412 872 1679 934 dispendia
1714 873 1985 931 euitanteS‚
2027 872 2117 920 tibi
2153 880 2211 920 ut
2246 870 2288 919 si
2323 870 2581 934 premissis
2621 870 2751 918 ueris
2788 867 3009 917 existen-

623 953 757 1001 tibus
794 955 1035 1017 expedire
1073 955 1278 1013 uideris,
1316 970 1468 1016 super
1503 969 1603 1016 quo
1642 966 1782 1004 tuam
1818 957 2129 1005 intendimus
2156 955 2520 1003 conscientiam
2545 968 2773 1014 onerare,
2802 954 3009 1001 nuntios

621 1037 913 1086 huiusmodi
949 1053 1039 1101 per
1074 1039 1279 1085 easdem
1317 1039 1545 1087 dioceses
1583 1054 1736 1102 super
1769 1040 1927 1104 ipsius
1964 1041 2157 1089 decime
2194 1040 2497 1089 collectione
2535 1040 2781 1099 deputare
2834 1037 3010 1086 ualeas

623 1129 799 1170 tenore
834 1122 1146 1185 presentium
1183 1123 1423 1170 duximus
1460 1125 1860 1174 concedendum.
1951 1124 2200 1173 Volentes
2251 1124 2616 1174 nichilominus
2670 1131 2729 1171 ut
2789 1135 2844 1170 tu
2893 1120 3010 1170 illas

622 1220 688 1254 ex
724 1207 963 1269 predictis
999 1207 1285 1255 diocesibus
1323 1208 1661 1270 personaliter
1697 1208 1890 1269 uisiteS,
1928 1223 2052 1271 quas
2089 1210 2281 1272 absque
2317 1224 2505 1272 magno
2525 1210 2799 1259 incomodo
2819 1206 3011 1271 poteris

622 1291 846 1350 uisitare,
883 1291 1157 1340 sollicitum
1193 1291 1417 1340 studium
1454 1293 1702 1341 adhibens
1739 1292 1875 1341 circa
1911 1293 2267 1342 collectionem
2304 1293 2498 1342 decime
2535 1293 2840 1358 supradicte.
2921 1290 3013 1340 Jta

622 1375 759 1435 quod
796 1375 980 1423 exinde
1016 1376 1264 1438 premium
1299 1386 1543 1439 expectas
1580 1392 1613 1425 a
1649 1377 1876 1426 domino.
1934 1379 2076 1426 cuius
2131 1379 2393 1440 negotium
2453 1380 2621 1441 agiter
2676 1385 2728 1427 et
2779 1376 3013 1426 fauorem

623 1458 960 1522 apostolicum
999 1460 1203 1508 uberius
1239 1461 1499 1511 merearis.
1568 1461 1765 1511 Datum
1800 1461 2020 1524 Viterbij
2044 1461 2113 1524 ‚ij.
2152 1477 2313 1512 nonas
2348 1463 2650 1513 Decembris
2685 1460 3011 1526 pontificatus

623 1543 786 1591 nostri
823 1558 960 1593 anno
997 1545 1177 1608 primo.

1334 1627 1468 1671 (Arch.
1497 1630 1580 1667 Vat.
1609 1629 1699 1677 Reg.
1728 1629 1813 1668 Joh.
1842 1631 1940 1670 ΧΧΙ.
1971 1642 2032 1668 an.
2069 1630 2100 1668 l.
2133 1642 2193 1678 ep.
2220 1625 2301 1672 95.)

1358 1820 1411 1877 6.
1519 1821 1694 1877 1276.
1787 1820 1900 1877 4de
1942 1820 2293 1879 December.

760 1930 1027 1980 «Iohannes
1063 1932 1216 1994 episc.
1255 1948 1385 1981 seru.
1441 1949 1633 1983 seruor.
1696 1936 1778 1983 dei
1835 1936 2071 1984 venerab.
2131 1935 2275 1985 fratri
2339 1971 2350 1983 .
2406 1971 2417 1983 .
2474 1932 2862 1996 archiepiscopo
2920 1930 3012 1979 Ni-

624 2015 872 2063 drosiensi
929 2016 1080 2064 salut.
1137 2024 1188 2064 et
1243 2026 1408 2081 apost.
1431 2019 1680 2066 benedict.
1753 2019 2009 2069 Intimasti
2046 2021 2193 2069 nobis
2231 2021 2369 2082 quod
2406 2033 2521 2067 cum
2558 2025 2768 2081 propter
2803 2016 3012 2065 nimiam

623 2100 1009 2163 episcopatuum
1045 2099 1366 2151 diffusionem
1403 2103 1546 2165 regni
1584 2101 1870 2165 Norwagie‚
1904 2104 1959 2152 in
2007 2119 2107 2167 quo
2167 2104 2259 2153 tibi
2309 2118 2400 2165 per
2453 2102 2762 2166 apostolicas
2815 2101 3013 2149 litteras

624 2184 861 2233 collectio
898 2186 1089 2233 decime
1127 2193 1256 2234 terre
1295 2195 1467 2235 sancte
1505 2188 1745 2251 deputate
1800 2189 2025 2237 subsidio
2073 2198 2153 2237 est
2205 2189 2495 2246 commissa,
2550 2187 2653 2235 duo
2710 2186 3013 2234 collectores

624 2269 772 2317 iuxta
808 2270 1197 2332 promissionem
1249 2272 1529 2334 apostolice
1589 2273 1721 2321 sedis
1776 2274 1827 2320 in
1880 2274 2107 2335 qualibet
2160 2274 2349 2322 diocesi
2415 2256 2635 2323 ordinati
2691 2284 3013 2333 nequaquam

625 2351 879 2402 sufficiant
915 2355 980 2401 ad
1016 2356 1177 2417 ipsam
1215 2356 1464 2404 decimam
1500 2356 1858 2418 colligendam,
1893 2372 1988 2405 nec
2025 2373 2114 2422 per
2171 2358 2287 2406 illos
2342 2366 2518 2420 posset
2571 2357 2785 2405 comode
2841 2353 3014 2416 colligi

626 2438 815 2499 absque
851 2452 1040 2499 magno
1076 2440 1326 2501 profluuio
1363 2455 1716 2502 expensarum.
1755 2448 1811 2488 tu
1846 2456 1963 2489 cnm
1999 2443 2215 2491 consilio
2253 2451 2304 2491 et
2324 2456 2538 2490 assensu
2572 2439 3015 2502 suffraganeorum

625 2529 829 2569 tuorum
864 2522 1023 2584 ipsius
1060 2526 1201 2586 regni
1238 2540 1329 2587 pro
1366 2525 1656 2574 huiusmodi
1694 2526 1917 2575 utilitate
1954 2527 2147 2590 negotij
2188 2528 2413 2575 statuisti
2449 2541 2538 2589 per
2557 2540 2677 2573 rura
2697 2524 3015 2586 singularum

621 2605 902 2654 diocesium
938 2606 1107 2669 plures
1144 2609 1274 2656 alios
1312 2609 1613 2659 collectores
1652 2612 1735 2672 qui
1773 2612 1879 2659 suis
1916 2612 2177 2660 laboribus
2217 2621 2268 2660 et
2306 2612 2543 2675 expensis
2585 2611 2871 2673 predictam
2924 2609 3014 2656 de-

625 2691 809 2738 cimam
837 2691 1098 2753 colligant,
1135 2703 1187 2741 et
1223 2694 1492 2743 collectam
1529 2696 1732 2744 statutis
1771 2698 2085 2760 temporibus
2124 2698 2323 2746 duobus
2361 2696 2729 2746 collectoribus
2762 2693 3012 2752 deferant,

627 2775 712 2836 qui
748 2781 866 2823 sunt
899 2775 951 2823 in
996 2777 1286 2827 ciuitatibus
1324 2779 1567 2843 deputati.
1606 2781 1736 2828 vnde
1773 2782 1917 2830 nobis
1963 2781 2223 2830 humiliter
2273 2781 2573 2845 supplicasti
2626 2789 2686 2828 ut
2737 2778 3014 2829 eorundem

626 2862 961 2912 collectorum
982 2857 1263 2912 '‘rularium
1293 2864 1495 2913 labores
1532 2873 1583 2913 et
1618 2873 1850 2929 sumptus
1887 2866 2106 2928 benigna
2140 2866 2447 2915 mediatione
2484 2871 2757 2928 pensantes
2793 2862 3015 2924 aliquam

623 2947 723 3000 illis
758 2947 1131 3011 indulgentiam
1169 2949 1449 2996 concedere
1486 2963 1796 2998 curaremus.
1887 2949 2140 2998 Volentes
2193 2950 2363 3012 itaque
2423 2959 2480 2997 ut
2515 2948 2672 3010 ijdem
2709 2946 3013 2995 collectores

624 3033 820 3080 rurales
854 3031 1076 3080 fructum
1112 3046 1177 3080 ex
1214 3032 1318 3080 suis
1352 3032 1614 3081 laboribus
1652 3040 1702 3081 et
1737 3034 2023 3097 sumptibus
2075 3042 2470 3096 consequantur,
2529 3034 2601 3082 eis
2656 3031 2800 3079 illam
2851 3028 3016 3077 indul-

627 3117 853 3179 gentiam
888 3116 1220 3179 impertimur,
1258 3131 1353 3180 que
1390 3117 1456 3165 ad
1492 3118 1866 3180 promotionem
1900 3118 2095 3181 negotij
2137 3126 2267 3167 terre
2304 3126 2479 3166 sancte
2517 3132 2668 3180 opem
2705 3123 2756 3165 et
2804 3129 3013 3177 operam

628 3199 986 3249 exhibentibus
1023 3207 1101 3248 est
1135 3215 1394 3250 concessa.
1483 3201 1679 3250 Datum
1730 3199 1951 3262 Viterbij
2010 3202 2076 3265 .ij.
2136 3217 2298 3252 nonas
2345 3201 2647 3250 Decembris
2684 3198 3013 3264 pontificatus

628 3285 791 3334 nostri
825 3299 960 3333 anno
997 3285 1178 3348 primo·

1346 3365 1481 3411 (Arch.
1509 3369 1594 3408 ναὶ.
1622 3369 1713 3415 Reg.
1739 3368 1825 3407 soh.
1853 3369 1951 3406 xxi.
1982 3379 2047 3408 un.
2079 3368 2104 3405 1.
2138 3380 2182 3416 ep
2225 3366 2307 3411 95).

1364 3575 1424 3632 7.
1533 3575 1709 3632 1276.
1801 3575 1913 3632 4de
1953 3576 2302 3633 December.

766 3689 1034 3740 Johannes
1070 3689 1223 3752 episc.
1261 3704 1392 3738 seru.
1448 3704 1642 3741 seruor.
1699 3690 1781 3739 dei
1841 3691 2076 3739 venerab.
2136 3689 2280 3739 fratri
2342 3726 2353 3738 .
2409 3726 2420 3738 .
2482 3689 2864 3753 archiepiscopo
2916 3687 3016 3736 Ni-

630 3776 880 3824 drosiensi
915 3774 1066 3823 salut.
1105 3779 1156 3822 et
1191 3774 1412 3836 apostol.
1448 3773 1697 3822 benedict.
1771 3775 2028 3823 Intimasti
2063 3774 2208 3823 nobis
2248 3776 2384 3837 quod
2436 3775 2488 3823 in
2534 3788 2694 3836 regno
2742 3772 3016 3835 Norwagie

629 3861 682 3909 in
719 3875 819 3923 quo
857 3860 947 3908 tibi
984 3858 1177 3907 decime
1212 3866 1343 3907 terre
1379 3866 1554 3907 sancte
1591 3859 1831 3908 collectio
1868 3865 1947 3907 est
1992 3859 2281 3918 commissa,
2335 3873 2495 3920 usque
2546 3859 2678 3907 adeo
2732 3857 2849 3906 uilis
2904 3870 3015 3906 esse

629 3953 835 3993 moneta
871 3944 1153 3992 dinoscitur
1187 3943 1397 4004 usualiS,
1434 3944 1571 4006 quod
1606 3952 1754 3992 extra
1789 3942 1945 4006 ipsius
1983 3943 2126 4005 regni
2161 3928 2348 3992 limites
2384 3943 2437 3990 in
2473 3943 2639 4004 pretio
2664 3957 2770 3991 non
2798 3942 3017 3991 habetur

631 4030 864 4092 quodque
898 4028 953 4076 in
987 4027 1291 4090 quibusdam
1325 4027 1556 4091 partibus
1594 4028 1717 4076 dicti
1752 4027 1897 4090 regni
1932 4037 2136 4077 monete
2173 4043 2295 4076 usus
2332 4027 2517 4091 aliquis
2554 4042 2658 4076 non
2694 4027 2885 4087 existit,
2921 4040 3016 4074 nec

629 4122 865 4162 crescunt
898 4122 1113 4175 segeteS,
1149 4127 1311 4175 neque
1346 4111 1554 4174 frugum
1587 4113 1692 4161 alia
1727 4126 1916 4175 genera
1950 4113 2321 4176 producuntur,
2359 4113 2449 4160 sed
2483 4111 2757 4175 lacticinijs
2783 4117 2835 4160 et
2859 4111 3015 4176 pisci-

629 4199 725 4247 bus
769 4197 875 4248 fere
921 4200 1173 4247 duntaxat
1208 4197 1316 4246 uita
1347 4197 1473 4246 inibi
1509 4203 1824 4246 sustentatur
1857 4198 2097 4253 humana.
2171 4194 2341 4255 Quare
2380 4196 2657 4259 significari
2695 4195 2785 4244 tibi
2812 4211 2843 4244 a
2868 4195 3015 4245 nobis

631 4283 894 4332 humiliter
927 4282 1172 4347 petiuisti,
1209 4281 1330 4346 quid
1365 4283 1428 4331 de
1465 4283 1662 4331 decima
1719 4297 1815 4345 que
1869 4283 1932 4330 de
1984 4279 2261 4342 lacticinijs
2315 4289 2367 4329 et
2418 4281 2642 4344 piscibus
2695 4287 2748 4329 et
2805 4288 3016 4329 moneta

631 4368 870 4430 predictis
896 4366 1155 4428 colligitur
1178 4367 1363 4415 debeas
1400 4367 1652 4417 ordinare.
1725 4365 1833 4415 Nos
1868 4366 2025 4429 igitur
2060 4368 2127 4415 ad
2163 4381 2226 4415 ea
2263 4380 2359 4428 que
2396 4372 2516 4414 sunt
2551 4365 2777 4415 uitiliora
2800 4364 3012 4427 negotio

630 4453 967 4511 intendentes,
1003 4451 1246 4513 expedire
1281 4451 1528 4512 uidemus,
1566 4457 1622 4499 ut
1666 4452 1927 4514 promissis
1980 4451 2116 4500 ueris
2171 4449 2511 4498 existentibus
2565 4451 2616 4498 in
2674 4465 2870 4509 aurum,
2929 4449 3015 4498 uel

632 4542 901 4596 argentum
932 4542 1087 4597 prout
1121 4536 1438 4585 commodius
1473 4537 1583 4584 fieri
1617 4537 1811 4598 poterit
1845 4535 2137 4584 huiusmodi
2174 4541 2382 4583 moneta
2435 4542 2489 4583 et
2545 4534 2744 4584 decima
2800 4548 3015 4583 conuer-

633 4626 822 4668 tantur.
890 4618 973 4667 De
1007 4619 1313 4668 monialibus
1350 4625 1521 4668 autem
1557 4626 1607 4669 et
1641 4619 1871 4683 personis
1907 4619 2023 4682 alijs
2059 4618 2380 4682 regularibus
2433 4618 2555 4667 dicti
2602 4618 2762 4680 regni,
2801 4633 3016 4682 quorum

633 4709 910 4765 prouentus
947 4709 999 4752 et
1031 4703 1258 4754 redditus
1293 4704 1627 4754 ecclesiastici
1673 4705 1804 4753 adeo
1863 4711 1983 4755 sunt
2041 4712 2216 4754 tenues
2270 4710 2322 4752 et
2372 4703 2549 4763 exileS,
2603 4703 2742 4764 quod
2794 4717 2861 4751 ex
2911 4701 3015 4751 illis
