3534 5361
1633 352 1705 407 19

474 537 584 594 bus
628 535 1009 595 communiter
1050 536 1146 592 uel
1191 534 1418 593 diuisim
1464 554 1499 591 a
1543 533 1809 610 predicta
1853 534 1926 592 sit
1966 536 2103 593 sede
2145 536 2449 609 indultum,
2494 537 2651 613 quod
2680 536 2853 594 inter-

478 636 590 694 dici
634 636 907 712 suspendi
952 635 1050 692 uel
1095 635 1590 693 excommunicari
1636 654 1751 692 non
1796 635 2017 710 possint
2061 656 2166 711 per
2221 636 2442 694 litteras
2507 637 2857 713 apostolicas

479 758 591 795 non
635 737 910 795 facientes
955 736 1185 812 plenam
1233 743 1290 793 et
1327 755 1659 812 expressam
1703 754 1773 792 ac
1819 735 1891 791 de
1935 737 2116 793 uerbo
2149 737 2223 792 ad
2266 738 2509 794 uerbum
2535 739 2607 795 de
2631 737 2855 794 indulto

475 837 807 895 huiusmodi
852 836 1230 894 mencionem.
1318 836 1608 893 Volumus
1652 844 1846 893 autem
1888 838 2043 911 quod
2086 857 2184 895 eos
2218 857 2253 893 a
2291 838 2499 912 quibus
2522 829 2856 913 receperitis

477 937 711 996 residua
754 939 1090 1013 supradicta
1135 939 1205 994 de
1250 936 1357 993 hiis
1404 956 1516 1011 que
1558 955 1664 993 uos
1708 936 1968 1011 recipere
1997 937 2301 1013 contigerit
2332 939 2406 995 ab
2432 938 2643 995 eisdem
2669 937 2855 1013 quite-

481 1038 741 1096 clamctis
787 1046 841 1094 et
887 1038 1059 1095 etiam
1105 1036 1421 1094 absoluatis
1465 1056 1572 1094 nec
1617 1057 1731 1093 non
1778 1045 1835 1093 et
1893 1037 1974 1093 eis
2041 1057 2077 1094 a
2142 1038 2442 1113 quibusuis
2508 1038 2857 1114 specialibus

479 1138 807 1208 sentenciis,
836 1157 981 1214 quas
1026 1157 1132 1213 pro
1175 1157 1243 1194 eo
1286 1137 1659 1195 incurrissent
1701 1138 1856 1212 quod
1903 1137 2227 1195 huiusmodi
2263 1138 2484 1197 fructus
2520 1139 2778 1196 redditus
2802 1148 2860 1196 et

481 1250 799 1315 prouentus
845 1239 939 1295 uel
984 1238 1217 1295 residua
1258 1238 1318 1294 in
1361 1237 1589 1296 statutis
1634 1240 1708 1295 ad
1753 1239 1864 1295 hoc
1899 1239 2154 1296 terminis
2193 1259 2306 1298 non
2340 1239 2859 1312 soluissent,abso-

480 1340 722 1399 lucionis
765 1338 1106 1397 beneficium
1151 1338 1497 1413 impendatis
1544 1357 1676 1395 cum
1720 1336 1801 1395 eis
1844 1356 2020 1413 super
2062 1339 2505 1415 irregularitate,
2536 1359 2712 1417 quam
2759 1360 2858 1398 ex-

482 1439 1027 1500 communicacionis
1050 1438 1377 1497 huiusmodi
1420 1437 1582 1513 ligati
1627 1439 1934 1498 sentenciis
1980 1441 2325 1499 celebrando
2373 1442 2569 1499 diuina
2613 1442 2711 1499 uel
2752 1442 2859 1498 im-

482 1540 774 1598 miscendo
839 1562 901 1599 se
967 1540 1078 1598 illis
1142 1539 1377 1598 forsitan
1446 1539 1886 1611 contraxissent,
1955 1541 2405 1601 misericorditer
2449 1543 2856 1617 dispensando.

480 1642 701 1699 Datum
744 1642 1039 1699 Auinione
1082 1642 1234 1699 ‚Idus
1279 1640 1534 1715 Augusti
1578 1641 1948 1716 pontificatus
1992 1641 2174 1699 nostri
2221 1662 2372 1700 anno
2419 1639 2695 1700 decimo¹.

1420 2158 1926 2219 Secuntur
2863 2200 3064 2243 f01‚2‚1,·‚

713 2318 1046 2415 Recepte
1112 2313 1391 2390 decime
1458 2315 1874 2390 sexennalis
1939 2317 2148 2414 regni
2210 2313 2637 2417 Norwegie.

1338 2493 1560 2563 Primo
1619 2491 1700 2560 de
1755 2491 2027 2586 Osloya.

664 2658 891 2723 [Attende
929 2660 1057 2726 quod
1091 2661 1139 2710 in
1174 2659 1341 2726 Reqno
1378 2658 1637 2725 Norweyie
1669 2676 1833 2724 parua
1869 2660 2077 2724 pecunia
2112 2659 2343 2724 recipitur
2377 2660 2448 2711 ad
2473 2660 2704 2727 pondus}

660 2798 975 2857 *Assendit
1019 2799 1244 2858 decima
1285 2798 1612 2858 sexennalis
1657 2799 2026 2874 episcopatus
2051 2800 2349 2860 Osloensis
2392 2801 2451 2858 in
2475 2802 2775 2859 vniuersso
2799 2801 2872 2857 de

493 2920 596 2959 sex
640 2901 805 2958 annis
845 2901 958 2957 .ad
1001 2908 1075 2956 v¹!‘
1129 2900 1184 2974 ij.
1230 2920 1455 2959 marcas
1502 2918 1633 2958 cum
1680 2899 1932 2972 dimidia,
1980 2909 2036 2957 et
2081 2901 2374 2958 dimidiam
2415 2901 2644 2959 vnciam
2689 2921 2873 2977 parue

494 3010 722 3057 monete
766 3002 1079 3060 Noricane.
1122 3002 1196 3057 ad
1241 3002 1468 3076 pondus
1509 3000 1857 3056 noricarum.
1929 3020 2041 3075 que
2085 3002 2310 3058 decima
2377 3000 2622 3059 collecta
2686 3001 2875 3058 fuerat

436 3165 447 3175 ,
497 3121 599 3177 per
665 3102 959 3158 dominum
1026 3100 1429 3176 Thorquillum
1474 3100 1741 3157 Mantelli
1786 3143 1799 3157 .
1843 3111 1900 3158 et
1941 3101 2213 3176 reposita,
2270 3111 2327 3158 et
2379 3111 2611 3177 reperta
2653 3102 2759 3159 fuit
2814 3102 2874 3159 in

495 3202 756 3260 sacristia
801 3201 1044 3259 ecclesie
1091 3200 1431 3261 Osloensis.'
1474 3210 1531 3257 et
1596 3202 1785 3257 eciam
1849 3201 2059 3258 exinde
2122 3212 2360 3277 recepta
2420 3213 2475 3260 et
2531 3202 2727 3260 leuata
2770 3221 2877 3277 per

496 3322 618 3360 nos.
660 3302 896 3359 fratrem
939 3301 1260 3359 Iohannem
1305 3302 1376 3357 de
1401 3301 1618 3360 Serone
1663 3300 1914 3373 priorem
1940 3301 2179 3359 fratrum
2204 3303 2423 3361 ordinis
2446 3302 2876 3377 predicatorum

501 3404 570 3459 de
618 3402 879 3478 Figiaco.
923 3413 979 3459 et
1022 3402 1385 3460 Bernardum
1422 3403 1493 3458 de
1546 3400 1764 3460 Ortolis
1812 3402 2121 3459 Rectorem
2159 3403 2400 3461 ecclesie
2432 3404 2505 3460 de
2546 3403 2877 3462 Noualibus

497 3505 556 3561 in
600 3506 836 3562 modum
876 3503 1023 3560 infra
1063 3503 1359 3578 scriptum.

669 3706 846 3763 Anno
892 3704 1108 3762 domini
1143 3704 1443 3761 millesimo
1489 3745 1502 3759 .
1548 3710 1676 3761 ccc⁰.
1720 3701 1907 3777 xxvij‘!
1953 3712 2007 3760 et
2040 3703 2227 3778 xxvij‘!
2273 3705 2364 3762 die
2388 3705 2597 3764 mensis
2619 3704 2877 3763 *Febro-

503 3806 603 3880 arij
629 3805 999 3881 Recepimus,
1024 3825 1060 3861 a
1097 3804 1252 3862 dicto
1274 3803 1503 3861 domino
1550 3802 1896 3877 Thorquillo
1942 3803 2206 3861 Mantelli
2251 3825 2355 3863 nos
2398 3806 2659 3881 predicti.
2704 3804 2880 3862 irater

501 3908 792 3964 Iohannes
837 3906 908 3962 de
954 3906 1172 3966 Serone
1239 3914 1296 3963 et
1352 3903 1688 3961 Bernardus
1754 3903 1825 3959 de
1893 3903 2127 3963 Ortolis.
2210 3902 2453 3963 *scimul
2519 3906 2590 3963 de
2656 3904 2880 3963 decima

505 4006 873 4082 episcopatus
918 4005 1216 4066 Osloensis
1263 4006 1326 4062 .i0.
1369 4005 1569 4061 lxxxv.
1613 4003 1809 4061 libras.
1854 4001 1928 4077 vj.
1969 4004 2184 4063 solidos
2229 4004 2367 4080 .iiij‘!r
2416 4005 2680 4063 denarios
2736 4013 2879 4062 ster-

503 4107 790 4181 lingorum
837 4105 937 4180 qui
980 4105 1211 4163 fuerunt
1255 4104 1572 4180 computati
1617 4123 1722 4178 pro
1762 4103 1917 4159 mille
1962 4114 2192 4161 centum
2216 4105 2602 4181 quadraginta
2634 4104 2883 4163 marchis

507 4206 576 4281 .ij.
622 4205 804 4279 vncijs
852 4205 1002 4264 dicte
1047 4225 1229 4281 parue
1274 4213 1520 4262 monete.

594 4432 609 4461 ¹
644 4437 798 4486 Disse
833 4445 908 4486 tre
945 4437 1109 4485 Breve
1145 4436 1307 4485 findes
1346 4438 1551 4499 ogsaa.i
1592 4437 1798 4498 Regest.
1836 4434 2059 4484 Johann.
2094 4435 2269 4485 XXII.
2310 4437 2447 4487 Secr.
2490 4442 2533 4485 5.
2554 4435 2621 4485 V.
2659 4450 2775 4484 ann.
2812 4435 2880 4485 X.

645 4519 734 4570 fol.
756 4524 869 4581 374,
895 4535 972 4584 ep.
1015 4523 1365 4568 2194—2197.

588 4600 613 4629 ²
646 4603 795 4653 Ester
830 4603 917 4652 fol.
963 4609 1004 4651 1.
1043 4602 1210 4666 felger
1248 4611 1328 4654 eet
1364 4604 1666 4653 ubeskrevet
1713 4602 1865 4664 Blad‚
1922 4603 1965 4665 ej
2023 4602 2241 4663 folieret,
2298 4620 2367 4666 og
2425 4619 2519 4654 een
2571 4604 2887 4652 ubeskreven

647 4687 765 4737 Side
801 4683 916 4747 (fol.
956 4692 985 4735 2
1022 4685 1096 4747 a).

2394 4755 2479 4814 2*-
