3534 5361
1776 377 1893 437 152

643 566 1002 613 discretionem
1031 563 1381 626 multipliciter
1405 562 1836 617 commendantes,
1862 561 2182 610 vniuersitati
2209 567 2378 611 uestre
2398 576 2489 625 per
2506 577 2587 625 ap.
2610 560 2799 623 scripta
2822 562 3029 612 manda-

644 663 756 697 mus
782 655 1029 710 quatenus
1066 647 1207 695 bona
1244 646 1531 695 huiusmodi
1564 647 1752 696 dilecto
1782 646 1890 694 filio
1920 647 2167 708 magistro
2186 646 2473 695 Bertrando
2496 646 2742 694 Amalrici
2761 645 3028 708 capellano

643 739 818 782 nostro
854 733 1103 781 canonico
1138 731 1389 790 Remensi,
1425 731 1688 780 collectori
1727 731 1922 778 decime
1957 732 2009 779 in
2045 730 2145 779 illis
2200 731 2428 794 partibus
2484 732 2729 795 deputato
2784 730 3030 778 studeatis

643 824 822 865 nostro
859 824 910 865 et
944 816 1170 864 eiusdem
1223 824 1354 863 terre
1409 815 1613 864 nomine
1667 813 1989 876 integraliter
2040 814 2134 862 sub
2187 814 2456 863 autenticis
2515 814 2700 864 litteris
2752 814 3031 877 assignare,

644 900 781 962 quid,
818 907 1066 961 qnantum
1114 900 1497 961 assignaueritis
1552 896 1814 947 collectori
1869 899 2114 961 predict0,
2168 900 2315 948 nobis
2368 897 2586 947 fideliter
2637 898 2946 962 rescripturi,
2981 905 3032 946 et

644 984 991 1033 transmissuri
1036 983 1237 1032 litteras
1291 989 1613 1033 memoratas.
1711 981 1908 1032 Datum
1965 984 2129 1033 Rome
2183 985 2320 1049 apud
2373 990 2606 1032 sanctum
2657 982 2868 1032 Petrum
2920 982 3033 1031 idus

645 1067 788 1131 Junij
828 1066 1156 1130 pontificatus
1193 1068 1351 1117 nostri
1389 1081 1524 1117 anno
1562 1067 1804 1116 secundo.

1359 1146 1495 1192 (Arch.
1527 1151 1611 1188 Vnt.
1641 1151 1735 1198 Reg.
1769 1151 1850 1191 Nic.
1879 1153 1934 1190 ΙΙΙ.
1965 1161 2013 1188 aa
2056 1151 2096 1190 ΙΙ.
2127 1161 2184 1199 ep.
2217 1147 2318 1193 130).

1433 1375 1529 1432 23.
1624 1376 1801 1432 1279.
1891 1375 2047 1432 21de
2089 1373 2251 1433 Juni.

781 1490 1028 1544 Nicolaus
1065 1491 1216 1552 episc.
1257 1505 1296 1537 s.
1335 1505 1374 1537 s.
1414 1490 1461 1537 d.
1501 1488 1690 1538 dilecto
1724 1489 1833 1538 filio
1869 1489 2117 1551 magistro
2153 1489 2442 1538 Bertrando
2489 1487 2736 1537 Amalrici
2788 1488 3034 1537 canonico

646 1575 881 1623 Remensi
915 1576 965 1623 in
996 1574 1153 1623 Datie
1183 1580 1234 1621 et
1257 1572 1428 1622 Svetie
1453 1573 1622 1635 regnis
1648 1571 1912 1622 collectori
1941 1574 2135 1622 decime
2165 1580 2298 1622 terre
2330 1580 2506 1623 sancte
2532 1573 2760 1622 subsidio
2793 1573 3034 1636 deputate

645 1658 861 1707 salutem
898 1666 994 1707 etc.
1067 1657 1212 1706 Sicut
1247 1671 1410 1721 nuper
1446 1665 1496 1706 te
1533 1658 1825 1721 accepimus
1872 1658 2140 1706 intimante
2192 1657 2494 1706 venerabilis
2547 1656 2704 1707 frater
2751 1663 2927 1706 noster
2968 1691 2980 1704 .
3022 1692 3032 1702 .

644 1744 914 1805 episcopus
951 1742 1212 1792 Scarensis
1247 1741 1359 1791 zelo
1395 1741 1530 1800 fidei,
1570 1749 1622 1790 et
1657 1742 1946 1790 deuotionis
1982 1754 2227 1790 accensus
2265 1743 2429 1791 crucis
2468 1749 2730 1806 assumpto
2770 1740 3036 1804 signaculo

645 1827 885 1890 proponit
918 1829 971 1875 in
1005 1826 1168 1889 primo
1204 1825 1430 1888 generali
1469 1826 1710 1889 passagio
1748 1840 1781 1874 a
1816 1828 1936 1875 sede
1972 1826 2261 1891 apostolica
2296 1828 2569 1876 statuendo
2608 1826 2660 1874 in
2703 1834 2834 1874 terre
2855 1832 3034 1875 sancte

646 1911 928 1959 subsidium
962 1909 1298 1974 personaliter
1331 1909 1602 1973 proficisci.
1675 1908 1849 1970 Quare
1885 1925 1916 1958 a
1951 1910 2101 1958 nobis
2138 1910 2338 1959 edoceri
2374 1911 2634 1960 humiliter
2660 1909 2950 1974 postulasti,
2969 1923 3035 1957 an

648 1996 711 2044 ab
747 1995 926 2044 eodem
963 1995 1201 2058 episcopo
1237 1995 1299 2042 de
1335 1994 1616 2043 redditibus
1652 1995 1755 2042 suis
1802 1994 2161 2043 ecclesiasticis
2214 1996 2280 2043 sit
2337 1995 2534 2043 decima
2584 1994 2855 2056 exigenda.
2926 1991 3034 2041 Nos

646 2079 818 2141 itaque
854 2078 1147 2127 discretioni
1185 2087 1270 2125 tue
1306 2091 1397 2140 per
1442 2078 1732 2141 apostolica
1778 2079 1969 2141 scripta
2020 2079 2339 2138 mandamus,
2378 2088 2624 2140 quatenus
2677 2093 2709 2126 a
2755 2078 2894 2126 dicto
2931 2077 3035 2140 epi-

647 2178 804 2226 scopo
841 2162 1128 2212 huiusmodi
1165 2162 1411 2210 decimam
1449 2163 1647 2224 exigas,
1684 2169 1737 2211 et
1772 2163 1826 2211 in
1860 2170 1971 2211 tuto
2023 2162 2139 2211 loco
2195 2163 2421 2225 deponas
2474 2163 2775 2211 tradendam
2829 2162 3033 2210 tandem

649 2247 786 2296 dicto
840 2247 1096 2310 episcopo,
1142 2246 1185 2294 si
1238 2260 1354 2294 eum
1407 2247 1682 2309 contigerit
1731 2248 2071 2311 personaliter
2126 2246 2471 2295 transfretare.
2567 2245 2816 2308 Alioquin
2868 2246 3034 2308 ipsam

648 2337 827 2380 nostro
864 2339 915 2380 et
951 2330 1073 2379 dicti
1109 2330 1319 2393 subsidij
1359 2331 1563 2380 nomine
1599 2331 1859 2380 custodias
1896 2331 2181 2394 diligenter.
2252 2332 2449 2380 Datum
2501 2332 2664 2380 Rome
2714 2330 2850 2393 apud
2887 2344 3033 2378 sanc-

650 2422 757 2464 tum
794 2414 1001 2464 Petrum
1038 2414 1128 2475 .xj.
1168 2414 1270 2463 kal.
1308 2413 1435 2477 Julij
1476 2415 1804 2479 pontificatus
1840 2416 2002 2465 nostri
2041 2431 2177 2465 anno
2215 2417 2456 2465 secund0.

1369 2497 1496 2542 (Arch.
1532 2497 1614 2535 Vnt.
1645 2499 1736 2545 Reg.
1765 2498 1849 2537 Nic.
1879 2500 1935 2538 111.
1964 2510 2025 2539 an.
2055 2501 2093 2538 ΙΙ.
2125 2510 2185 2548 ep.
2216 2497 2317 2540 1:39).

1457 2723 1556 2781 24.
1648 2724 1825 2782 1279.
1913 2724 2070 2781 21d0
2111 2723 2271 2782 Juni.

786 2836 1032 2886 Nicolaus
1059 2837 1327 2900 episcopus
1352 2852 1391 2885 s·
1418 2852 1458 2886 s.
1492 2838 1540 2886 d.
1564 2838 1864 2887 charissimo
1897 2838 1948 2886 in
1972 2837 2179 2888 Christo
2202 2837 2310 2886 filio
2336 2838 2444 2899 regi
2476 2835 2645 2886 Svetie
2670 2835 2856 2885 illustri
2881 2835 3034 2885 salut.

651 2930 705 2970 et
737 2931 904 2985 apost.
940 2922 1055 2970 ben.
1125 2920 1276 2968 Illam
1312 2921 1364 2969 in
1399 2921 1661 2983 desiderijs
1693 2922 1848 2984 regijs
1880 2929 2142 2985 sperantes
2173 2922 2460 2971 deuotionis
2480 2921 2822 2970 sinceritatem
2842 2920 3034 2980 haberi,

652 3020 749 3068 que
783 3012 1006 3055 mentem
1032 3012 1173 3053 tuam
1210 3003 1455 3053 sollicitat
1487 3006 1552 3053 ad
1588 3005 1856 3068 negotium
1892 3015 2024 3055 terre
2046 3014 2220 3055 sancte
2245 3005 2461 3054 feliciter
2484 3006 2821 3067 dirigendum,
2848 3005 3037 3055 sereni·

652 3097 810 3138 tatem
851 3091 1045 3151 regiam
1086 3104 1328 3151 rogamus
1364 3097 1560 3138 attente
1596 3098 1847 3152 quatenus
1883 3091 1947 3139 ob
1984 3089 2318 3139 reuerentiam
2355 3092 2488 3152 regis
2548 3104 2741 3150 regum,
2777 3089 2919 3139 cuius
2956 3104 3036 3138 res

652 3174 838 3235 agitur,
873 3174 1139 3236 pecuniam
1175 3174 1367 3221 decime
1404 3173 1455 3220 in
1490 3187 1649 3235 regno
1685 3182 1775 3223 tuo
1810 3175 2044 3233 collecte,
2081 3174 2134 3222 in
2170 3173 2397 3223 eiusdem
2434 3181 2565 3223 terre
2602 3173 2883 3222 subsidium
2918 3188 3037 3223 con-

654 3258 916 3316 uertende‚
953 3263 1100 3306 extra
1134 3258 1268 3305 idem
1303 3271 1517 3318 regnum
1553 3259 1755 3307 extrahi
1790 3259 1949 3306 libere
1983 3258 2211 3321 patiaris,
2248 3265 2300 3306 et
2334 3259 2401 3306 ad
2435 3258 2485 3306 id
2522 3271 2764 3322 prospere
2791 3274 3038 3322 peragen-

653 3343 775 3390 dum
809 3350 1004 3404 prestes
1039 3342 1185 3405 plene
1221 3341 1509 3390 securitatis
1547 3340 1801 3392 fauorem:
1839 3345 1911 3391 ita
1946 3343 2079 3404 quod
2111 3357 2176 3390 ex
2200 3342 2301 3391 hoc
2326 3342 2499 3391 diuine
2519 3341 2797 3391 maiestatis
2818 3344 3037 3404 gratiam

653 3424 855 3473 vberius
898 3425 1154 3485 merearis,
1202 3440 1396 3488 nosque
1449 3426 1617 3474 zelum
1669 3441 1820 3489 quem
1870 3426 2029 3475 habes
2082 3426 2147 3474 ad
2200 3427 2574 3489 procurandam
2627 3425 2851 3491 predicte
2905 3434 3038 3474 terre

653 3508 1059 3572 prosperitatem,
1097 3510 1262 3572 dignis
1314 3511 1367 3558 in
1420 3509 1629 3558 domiuo
1681 3508 1919 3559 laudibus
1968 3511 2355 3560 commendaris.
2444 3511 2638 3560 Datum
2690 3512 2852 3561 Rome
2905 3512 3041 3574 apud

657 3600 889 3643 sanctum
925 3592 1133 3643 Petrum
1172 3594 1263 3657 .xj.
1300 3594 1403 3642 kal.
1443 3593 1570 3655 Julij
1610 3594 1940 3656 pontificatus
1977 3596 2138 3644 nostri
2174 3610 2309 3645 anno
2346 3593 2451 3657 ‚jjqo

1375 3676 1512 3720 (Arch.
1541 3677 1626 3716 Vat.
1655 3677 1746 3724 neg.
1781 3677 1860 3716 Nic.
1894 3678 1946 3716 111.
1975 3689 2037 3716 an.
2068 3680 2109 3716 11.
2139 3688 2198 3726 ep.
2230 3674 2333 3722 131).

1440 3901 1537 3959 25.
1630 3901 1810 3959 1279.
1902 3900 2056 3959 27de
2099 3900 2260 3958 Juni.

791 4011 1035 4062 Nicolaus
1071 4013 1339 4078 episcopus
1376 4031 1415 4063 s.
1452 4031 1491 4064 s.
1531 4017 1578 4064 d.
1617 4016 1806 4064 dilecto
1852 4015 1958 4064 filio
2010 4016 2242 4077 magistri
2295 4016 2586 4064 Bcrtrando
2641 4014 2889 4063 Amalrici
2943 4022 3037 4064 etc.

659 4104 756 4146 etc.
793 4097 1010 4146 salutem
1047 4107 1142 4146 etc.
1213 4097 1389 4164 Nuper
1421 4114 1489 4148 ex
1522 4100 1863 4150 insinuatione
1898 4108 1990 4148 tua
2025 4101 2168 4149 nobis
2213 4100 2454 4159 innotuit,
2508 4100 2644 4161 quod
2697 4100 2833 4148 ciues
2881 4098 3039 4150 Scar-

660 4196 804 4231 enses
841 4183 1074 4232 manibus
1110 4183 1177 4231 ad
1213 4181 1460 4232 nefariam
1494 4188 1845 4249 operationem
1879 4184 2069 4233 laxatis
2107 4184 2385 4233 sacrarium
2420 4184 2633 4232 ecclesie
2676 4181 2955 4244 ScareusiS‚
2990 4185 3042 4232 in

662 4280 764 4328 quo
799 4267 1015 4329 pecunia
1050 4266 1261 4316 collecte
1297 4267 1490 4316 decime
1525 4277 1670 4317 erant
1715 4270 1963 4332 deposite,
2016 4283 2120 4318 non
2172 4271 2279 4318 sine
2332 4268 2704 4331 prouocatione
2762 4268 2935 4316 diuina
2992 4276 3043 4316 et

660 4350 848 4398 iniuria
882 4352 1163 4412 apostolice
1199 4353 1331 4401 sedis
1367 4359 1419 4401 et
1452 4361 1628 4402 nostra
1663 4353 1855 4402 uiolare
1890 4355 2139 4415 nequiter,
2158 4361 2209 4402 et
2232 4354 2440 4402 tandem
2469 4353 2818 4416 septingentas
2844 4365 3041 4400 marcas

662 4434 862 4496 argenti
897 4435 950 4482 in
985 4435 1207 4498 denarijs
1245 4438 1306 4484 de
1334 4437 1448 4498 ipso
1484 4438 1709 4485 sacrario
1735 4438 1951 4485 educere
1976 4445 2027 4484 ct
2050 4437 2155 4485 suis
2174 4437 2431 4500 applicare
2453 4436 2623 4485 usibus
2644 4450 2773 4484 ausu
2796 4436 3041 4500 nephar-io

665 4526 1094 4582 presumpserunt.
1179 4518 1288 4569 Nos
1341 4520 1510 4583 itaque
1572 4529 1674 4570 tam
1732 4520 2047 4570 detestabilis
2106 4521 2497 4584 presumptionis
2564 4535 2831 4570 excessum
2896 4527 3041 4570 tanto

665 4604 951 4663 grauiorem
988 4611 1271 4662 censenteS‚
1309 4613 1503 4666 quanto
1539 4607 1746 4666 grauius
1782 4605 1832 4653 in
1869 4606 2202 4668 preiudicium
2240 4605 2468 4669 deputati
2517 4612 2648 4653 terre
2699 4613 2874 4654 sancte
2926 4605 3042 4652 sub-

664 4685 778 4747 sidij
819 4686 1098 4736 dinoscitur
1131 4689 1431 4750 redundare,
1465 4704 1526 4738 ac
1562 4698 1771 4754 propter
1804 4691 1905 4738 hoc
1940 4691 2218 4753 cupientes,
2242 4695 2301 4737 ut
2335 4690 2408 4737 sic
2444 4696 2626 4738 contra
2660 4690 2868 4738 eosdem
2903 4690 3042 4737 ciues
