3534 5361
1753 347 1836 404 27

611 534 742 590 dam
791 533 960 592 certis
1006 532 1168 590 annis
1213 541 1350 589 tunc
1395 531 1682 607 preteritis
1727 531 2044 607 collegerat
2104 531 2401 588 denarium
2459 532 2614 589 beati
2670 532 2848 607 Petri,
2916 532 2988 589 de

613 635 953 710 episcopatu
996 653 1102 693 suo
1146 632 1485 692 Orcadensi.
1551 653 1721 708 quem
1792 632 2091 689 denarium
2150 652 2252 689 seu
2296 630 2561 689 *sensum
2628 633 2783 690 beati
2827 633 2987 691 Petri

611 735 843 792 dicebat
887 744 944 791 et
988 735 1284 792 asserebat
1327 734 1512 791 dictus
1559 733 1866 809 episcopus
1911 732 2261 792 Orcadensis
2324 732 2399 787 ad
2465 733 2768 791 ecclesiam
2832 734 2985 790 beati

608 835 804 910 magni
842 834 1193 895 Orcadensis
1228 834 1513 909 pertinere
1559 835 1787 891 debere.
1841 861 1910 870 —
1957 832 2211 908 prefatus
2253 853 2392 891 vero
2437 835 2545 891 d‘n‘s
2600 833 2985 909 archiepisco-

609 955 719 1011 pus
781 935 1172 994 Nidrosiensis
1217 934 1535 992 declarauit
1578 944 1635 990 et
1680 934 1957 1009 cognouit
1999 933 2320 1010 predictum
2367 934 2663 991 denarium
2709 953 2813 991 seu
2857 953 2985 991 sen-

609 1054 734 1094 sum
778 1036 1067 1112 pertinere
1114 1036 1322 1092 debere
1368 1036 1442 1091 ad
1489 1054 1777 1092 cameram
1825 1035 1920 1110 dfij
1988 1055 2155 1110 pape.
2201 1053 2314 1091 non
2373 1036 2734 1093 obstantibus
2776 1054 2986 1110 propo-

607 1135 729 1194 sitis
773 1157 878 1213 per
921 1136 1167 1193 eundem
1193 1136 1531 1211 episcopum
1556 1135 1967 1194 Orcadensem.
1993 1163 2072 1172 —-
2094 1134 2314 1209 lxxviij.
2353 1154 2529 1193 marc.
2566 1135 2986 1210 sterlingorum.

775 1236 852 1293 Et
898 1237 969 1294 de
1011 1236 1433 1312 quinquaginta
1479 1255 1650 1293 marc.
1697 1235 2102 1311 sterlingorum
2165 1235 2224 1291 in
2280 1235 2490 1309 quibus
2543 1236 2835 1293 soluendis
2890 1255 2985 1294 ca-

608 1354 764 1393 mere
806 1336 901 1410 dfij
945 1356 1099 1413 pape
1143 1356 1247 1411 per
1292 1337 1427 1392 dfim
1473 1337 1798 1393 Awardum
1838 1335 2174 1412 episcopum
2198 1336 2577 1392 Amarensem
2607 1345 2744 1393 tunc
2783 1336 2987 1393 comis-

607 1436 822 1494 sarium
865 1438 940 1494 ad
994 1437 1307 1494 leuandum
1352 1435 1574 1494 fructus
1631 1437 2044 1495 beneficiorum
2108 1435 2488 1493 vaccancium
2556 1445 2986 1494 reseruatorum

605 1535 680 1592 ad
723 1544 840 1593 tres
884 1556 1067 1595 annos
1110 1556 1219 1612 per
1261 1537 1395 1593 dfim
1460 1537 1778 1594 Iohannem
1824 1555 2037 1612 papam
2102 1535 2257 1610 .xxij.
2316 1535 2740 1593 sentencialiter
2802 1535 2989 1593 fuerat

607 1636 1079 1712 condempnatus.
1127 1658 1199 1694 ex
1245 1657 1313 1694 eo
1378 1637 1648 1694 videlicet
1717 1638 1875 1713 quod
1941 1635 2196 1711 prefatus
2263 1636 2570 1711 episcopus
2637 1635 2987 1695 Orcadensis

605 1739 943 1813 magistrum
963 1737 1380 1811 Engelbertum
1426 1737 1658 1813 Luning
1702 1737 2045 1795 canonicum
2091 1737 2330 1795 ecclesie
2366 1726 2734 1804 OrcadenSiS‚
2777 1736 2985 1795 collec-

605 1846 786 1895 torem
834 1838 1205 1896 substitutum
1246 1858 1349 1913 per
1395 1837 1716 1914 predictum
1772 1839 1906 1894 dfim
1969 1836 2303 1912 episcopum
2369 1838 2770 1906 Amarensem‚
2836 1837 2986 1895 male

604 1946 978 2010 tractauerat‚
1025 1947 1082 1994 et
1124 1938 1477 2013 spoliauerat
1522 1939 1765 1995 eundem
1832 1937 2123 1995 beneficiis
2169 1946 2225 1994 et
2268 1938 2434 1995 bonis
2478 1939 2611 1996 suiS.
2659 1939 2730 1994 de
2775 1937 2986 2012 quibus

604 2038 952 2114 supradictis
1040 2038 1266 2096 duabus
1331 2038 1566 2096 summis
1631 2039 2037 2115 sterlingorum
2106 2038 2363 2094 soluerat
2426 2038 2614 2095 dictus
2678 2037 2986 2114 episcopus

606 2137 959 2198 orcadensis
1002 2139 1226 2214 prefato
1272 2140 1386 2196 dfio
1431 2139 1893 2215 Archiepiscopo
1956 2137 2318 2197 Nidrosiensi
2383 2157 2536 2195 .xxv.
2604 2159 2782 2197 marc.
2842 2148 2984 2197 ster-

602 2238 891 2314 lingorum
935 2240 1010 2295 ad
1052 2240 1279 2315 pondus
1321 2240 1698 2298 Noricanum.
1744 2259 1891 2315 quas
1949 2239 2181 2315 quidem
2242 2258 2398 2296 .xxv.
2463 2258 2691 2298 marcas
2756 2240 2981 2298 sterlin-

601 2358 809 2415 gorum
855 2341 1028 2397 debet
1071 2341 1259 2399 adhuc
1306 2341 1493 2399 dictus
1538 2342 1645 2399 dfis
1690 2341 2160 2416 archiepiscopus
2227 2358 2454 2397 camere
2522 2339 2617 2414 dfij
2682 2360 2853 2416 pape.
2914 2369 2971 2378 —-·

602 2459 761 2497 .xxv.
804 2460 982 2498 marc.
1025 2441 1281 2517 sterling.
1329 2462 1476 2518 quas
1522 2443 1692 2499 debet
1736 2439 2221 2516 archiepiscopus.
2313 2436 2519 2511 [debetJ.

769 2541 918 2598 Item
967 2541 1138 2599 debet
1196 2542 1302 2600 diis
1367 2542 1568 2601 Elaws
1634 2542 2109 2617 archiepiscopus
2172 2528 2562 2599 Nidrosiensis
2625 2560 2739 2599 ‚xx.
2806 2560 2985 2600 marc.

601 2641 856 2717 sterling.
901 2640 1121 2717 argentj
1169 2659 1314 2717 quas
1357 2643 1578 2720 recepit
1622 2644 1693 2701 de
1738 2641 1977 2701 denario
2021 2641 2205 2699 sancti
2269 2641 2426 2717 Petrj
2493 2671 2559 2678 ·-
2636 2663 2751 2701 .xx.
2806 2662 2980 2702 marc.

601 2742 856 2818 sterling.
948 2737 1155 2815 [debet].

601 2891 734 2969 [ap]
780 2894 1020 2955 Summa
1063 2896 1274 2971 pagine
1319 2897 1390 2952 de
1433 2896 1712 2971 receptis:
1759 2896 1979 2971 lxxviij.
2025 2915 2200 2953 marc.
2248 2895 2671 2971 sterlingorum.

2981 3188 3047 3226 fol.
3075 3186 3113 3225 7.
3156 3201 3195 3227 a.

600 3232 761 3309 Hec
797 3245 963 3310 sunt
995 3248 1296 3335 recepte
1334 3234 1423 3310 de
1460 3234 1755 3311 denario
1801 3238 2030 3311 sancti
2065 3233 2256 3336 Petrj
2290 3239 2501 3337 regni
2536 3232 3174 3376 Norwegiestfl'stgff·
3278 3248 3331 3297 „s
3351 3233 3352 3236 '

2980 3341 3048 3377 sol.
3103 3371 3109 3376 .
3153 3341 3189 3377 b.

766 3382 941 3441 Anno
987 3383 1083 3458 dfij
1127 3383 1430 3441 millesimo
1498 3391 1647 3441 .ccc⁰.
1690 3383 1877 3457 xxvij‘!
1923 3390 1981 3439 et
2047 3388 2166 3439 ,ΧΨ
2241 3383 2335 3439 die
2400 3385 2613 3443 mensis
2677 3384 2974 3459 Febroarij

596 3483 946 3558 Recepimus
991 3504 1094 3542 nos
1138 3484 1314 3542 frater
1355 3484 1645 3542 Iohannes
1702 3485 1773 3540 de
1820 3484 2038 3543 Serone
2084 3493 2140 3540 et
2183 3485 2519 3543 Bernardus
2564 3486 2634 3541 de
2662 3484 2896 3544 Ortolis.
2942 3504 2977 3542 a

596 3584 873 3659 magistro
918 3584 1185 3643 thorlauo
1243 3585 1524 3643 canonico
1589 3585 1873 3644 Osloensi.
1938 3585 2009 3641 de
2074 3586 2309 3643 denario
2377 3585 2576 3645 Sancti
2629 3587 2788 3662 Petri
2857 3585 2977 3660 epi-

595 3693 868 3760 scopatus
893 3684 1189 3771 Ogloensis
1225 3686 1295 3741 de
1330 3686 1514 3744 tribus
1558 3686 1722 3744 annis
1766 3686 2085 3745 terminatis
2133 3706 2285 3744 anno
2311 3686 2494 3760 ‚xxvj‘i
2537 3686 2801 3761 proxime
2845 3707 2974 3763 pre-

592 3786 765 3844 terito
830 3820 886 3827 —-
937 3786 1063 3860 .cvj.
1106 3805 1282 3844 marc.
1327 3786 1400 3861 vj.
1448 3806 1576 3844 vne.
1621 3807 1805 3862 parue
1851 3796 2095 3845 monete.

761 3887 936 3944 Anno
982 3887 1078 3961 dfij
1124 3887 1427 3945 millesimo
1473 3896 1618 3945 .ccc⁰.
1662 3889 1849 3963 xxvij0.
1896 3897 1952 3946 et
1993 3887 2115 3963 xj¹1¹⁸
2138 3888 2229 3945 die
2253 3888 2463 3946 mensis
2489 3888 2787 3963 Febroarij
2814 3889 2972 3946 re'ce-
3259 3873 3327 3938 s

591 3987 780 4062 pimus
824 4006 928 4045 nos
971 3990 1141 4045 ambo
1199 3988 1444 4064 predicti
1503 4008 1537 4045 a
1603 3988 1879 4064 magistro
1944 3989 2134 4045 Paulo
2204 3990 2483 4047 canonico
2546 3990 2833 4050 Osloensi.
2902 3991 2972 4046 dc

591 4087 826 4144 denario
869 4088 1052 4146 sancti
1108 4089 1283 4163 Petrj.
1351 4108 1457 4164 pro
1523 4109 1636 4146 vno
1702 4109 1854 4147 anno
1924 4091 2188 4165 proxime
2253 4090 2529 4166 preterito
2602 4091 2971 4166 episcopatus

593 4187 910 4279 OQsis.
974 4217 1026 4225 -·
1857 4191 1894 4247 l.
1940 4211 2113 4249 marc.
2159 4211 2340 4268 parue
2389 4191 2634 4266 pecunie
2658 4192 2969 4250 Noricane.

1813 4210 1933 4366 {xj
1977 4292 2079 4350 sol.
2126 4311 2257 4350 cum
2299 4312 2351 4348 v.
2400 4293 2589 4350 denar.
2636 4293 2889 4368 sterling.

756 4391 934 4448 Anno
979 4408 1095 4464 quo
1139 4409 1317 4465 supra
1359 4400 1415 4447 et
1457 4390 1662 4466 ‚xviijvfl
1698 4390 1791 4448 die
1836 4393 2046 4451 mensis
2086 4392 2290 4467 Marcij
2335 4394 2661 4468 recepimus
2705 4412 2809 4451 nos
2853 4394 2966 4451 fra-
3252 4373 3298 4429 Vs

586 4498 675 4547 ter
714 4491 1004 4547 Iohannes
1050 4491 1120 4547 de
1145 4490 1363 4549 Serone
1410 4501 1466 4548 et
1508 4492 1577 4548 B.
1603 4493 1673 4549 de
1713 4492 1929 4551 Ortolis
1964 4493 2035 4549 de
2066 4493 2303 4550 denario
2347 4494 2501 4550 beati
2540 4494 2700 4550 Petri
2741 4494 2964 4569 episco-

582 4601 753 4666 patus
797 4590 1138 4648 Amarensis
1181 4608 1287 4664 pro
1330 4591 1513 4648 tribus
1556 4593 1718 4649 annis
1763 4593 2026 4668 proxime
2071 4593 2377 4651 transactis
2442 4623 2520 4633 -—-
2567 4613 2725 4651 .xxx.
2787 4614 2963 4652 marc.

586 4710 767 4766 parue
808 4699 1037 4748 monete
1081 4690 1393 4749 Noricane.
