3534 5361
1741 346 1861 404 140

600 539 865 598 posterum
899 532 964 581 ad
1001 547 1126 596 quas
1164 535 1412 595 spectant.
1449 529 1757 579 auctoritate
1794 529 2119 578 concedimus
2177 528 2487 592 supradicta.
2581 524 2822 589 Amplius
2875 539 2992 574 cum

602 619 747 668 sedes
783 617 1013 681 predicta
1048 616 1167 664 olim
1204 617 1533 664 centesimam
1585 622 1929 677 prouentuum
1972 612 2434 662 ecclesiasticorum
2481 625 2573 675 per
2625 611 2799 661 omnia
2844 608 2993 660 Chri-

603 702 771 752 stiana
805 716 964 763 regna
1001 698 1226 750 subsidio
1262 699 1584 763 deputauerit
1637 696 1950 761 supradicte,
1998 711 2091 745 nec
2151 697 2217 746 sit
2276 698 2587 745 conueniens
2647 695 2785 758 quod
2839 693 2994 743 simul

602 801 696 849 pro
726 793 870 835 'terra
903 783 1105 849 prefata
1141 784 1243 832 duo
1280 783 1506 832 subsidia
1542 782 1869 844 colligantur,
1904 796 1997 830 nos
2033 780 2362 830 centesimam
2398 780 2690 830 huiusmodi
2732 778 2993 828 remitten-

604 876 680 919 tes
716 869 770 918 in
804 869 933 918 locis
968 869 1021 916 in
1057 867 1238 931 quibus
1274 882 1379 917 non
1415 868 1587 916 extitit
1623 882 1713 930 per
1748 873 2047 914 executores
2084 865 2278 914 indicta
2310 865 2546 915 volumus
2583 872 2634 914 et
2670 862 2991 920 mandamus„

603 961 658 1003 vt
693 954 879 1016 singuli
915 960 1141 1002 vestrum
1175 967 1266 1015 per
1301 966 1354 1000 se
1390 951 1472 1001 vel
1509 951 1638 1000 alios
1675 950 2008 1000 centesimam
2043 950 2206 1013 ipsam
2241 949 2297 998 in
2346 949 2475 998 locis
2529 948 2622 997 tibi
2676 945 2894 996 subditis
2938 944 2994 993 in

605 1039 786 1103 quibus
823 1038 1014 1086 indicta
1049 1036 1164 1092 suit,
1201 1045 1254 1085 et
1287 1050 1391 1084 non
1426 1034 1598 1084 extitit
1632 1035 1895 1098 persoluta
1931 1050 1962 1083 a
1998 1041 2227 1097 tempore
2287 1049 2387 1097 quo
2441 1034 2634 1082 indicta
2687 1030 2801 1090 fuit,
2836 1044 2993 1093 vsque

604 1124 668 1172 ad
708 1130 906 1186 tempus
942 1121 1168 1185 predicte
1229 1121 1436 1179 decime,
1490 1119 1664 1180 legata
1723 1132 1927 1182 quoque
1980 1117 2033 1166 in
2086 1118 2278 1167 eisdem
2327 1118 2457 1167 locis
2494 1117 2722 1167 subsidio
2761 1114 2992 1179 predicto

602 1207 796 1266 relicta,
857 1221 1033 1256 omnes
1086 1220 1287 1268 quoque
1340 1203 1674 1253 obuentiones
1726 1203 2058 1265 vndeeunque
2095 1209 2146 1251 et
2181 1202 2596 1266 qualitercunque
2631 1201 2729 1265 ipsi
2764 1197 2992 1248 subsidio

602 1292 655 1339 ln
689 1289 816 1339 locis
852 1290 1209 1348 prouenientes
1247 1289 1438 1338 eisdem
1473 1297 1577 1336 tam
1614 1303 1705 1352 pro
1753 1295 1980 1351 tempore
2014 1286 2257 1352 preterito
2293 1302 2444 1350 quam
2502 1284 2677 1335 futuro
2736 1282 2993 1345 colligatis

603 1374 938 1437 integraliter,
973 1380 1025 1422 et
1059 1373 1276 1422 fideliter
1310 1373 1638 1430 conserueti8‚
1675 1386 1836 1435 eaque
1873 1374 2041 1421 omnia
2076 1386 2232 1434 penes
2284 1370 2402 1419 illos
2454 1371 2539 1433 qui
2601 1368 2852 1419 decimam
2902 1382 2995 1431 per

604 1475 698 1508 nos
736 1459 897 1507 eidem
936 1457 1163 1508 subsidio
1201 1459 1498 1521 deputatam
1535 1455 1887 1515 custodierint,
1926 1456 1991 1504 ad
2028 1471 2158 1519 opus
2194 1455 2407 1519 predicti
2445 1452 2656 1515 subsidij
2684 1452 2992 1517 deponatiS,

606 1542 851 1593 facientes
887 1541 1420 1605 nichilominus-quod
1459 1541 1520 1588 de
1558 1546 1736 1588 trunco
1775 1540 1825 1588 in
1863 1539 2159 1603 supradicto
2213 1538 2430 1588 concilio
2484 1537 2778 1587 ordinatum
2822 1536 2996 1586 extitit

604 1628 881 1678 obseruari.
974 1626 1233 1675 Videlicet
1282 1634 1337 1674 vt
1390 1625 1443 1674 in
1496 1624 1709 1686 singulis
1764 1623 2241 1686 ecelesijs.truncus
2279 1632 2498 1687 ponatur
2534 1637 2794 1671 concauus
2830 1620 2992 1670 tribus

605 1712 837 1761 clauibus
874 1711 1223 1774 consignatuS,
1262 1711 1425 1772 prima
1462 1724 1616 1772 penes
1653 1708 1965 1772 episcopum,
2002 1710 2227 1757 secunda
2274 1721 2429 1771 penes
2483 1706 2696 1755 ecclesie
2744 1706 2991 1754 sacerdo-

603 1801 723 1855 tem,
762 1796 910 1844 tertia
945 1810 1035 1858 per
1070 1795 1289 1858 aliquem
1325 1793 1621 1856 religiosum
1657 1792 1845 1841 laicum
1882 1793 2264 1850 conseruandis,
2302 1798 2353 1840 et
2387 1792 2440 1839 in
2476 1807 2538 1841 eo
2567 1791 2745 1840 fideles
2766 1788 2993 1852 quilibet,

600 1882 750 1930 iuxta
785 1882 920 1943 quod
956 1881 1187 1929 dominus
1224 1894 1401 1927 eorum
1436 1878 1690 1926 mentibus
1743 1876 2068 1941 inspirauerit
2104 1892 2222 1926 suas
2260 1876 2612 1940 eleemosynas
2646 1876 2903 1935 deponere
2938 1873 2992 1921 in

604 1964 954 2014 remissionem
991 1979 1201 2013 suorum
1237 1962 1590 2027 peccaminum
1623 1970 1946 2023 moneantur,
1992 1968 2043 2010 et
2077 1961 2129 2010 in
2164 1962 2284 2026 ipsis
2322 1959 2551 2023 eeclesijs
2588 1958 2746 2009 semel
2779 1958 2834 2007 iu
2869 1957 2993 2007 heb-

604 2049 823 2098 domada
861 2063 952 2112 pro
990 2048 1289 2097 remissione
1324 2047 1618 2096 huiusmodi
1653 2054 1983 2110 peecatorum
2019 2053 2070 2095 et
2104 2046 2371 2110 presertim
2409 2043 2732 2095 offerentium
2775 2043 2993 2091 eleemo-

603 2149 758 2197 synas
796 2134 955 2182 certia
991 2134 1087 2191 die,
1126 2148 1277 2196 quam
1316 2140 1488 2180 tamen
1524 2132 1763 2181 sacerdos
1802 2129 2104 2193 pronunciet
2139 2129 2350 2193 popule,
2377 2129 2532 2177 missa
2570 2127 2772 2191 publice
2808 2128 2992 2176 decan-

604 2225 758 2268 tetur.
850 2216 1189 2267 Concedimus
1248 2219 1471 2281 insuper,
1506 2223 1562 2265 vt
1597 2217 1637 2264 si
1674 2215 1830 2279 aliqui
1868 2214 2340 2277 crucesignatorum
2374 2211 2506 2262 infra
2544 2219 2743 2276 tempus
2780 2227 2812 2262 a
2844 2212 2993 2262 nobis

604 2304 668 2353 ad
704 2311 879 2352 votum
916 2303 1270 2366 exequendum
1303 2301 1596 2352 huiusmodi
1633 2301 1999 2365 assignandum
2036 2300 2361 2358 decesserint,
2396 2297 2600 2345 illarum
2648 2296 2992 2360 indulgentia·

600 2403 713 2437 rum
750 2394 801 2437 et
837 2387 1116 2449 gratiarum
1152 2386 1252 2435 sint
1285 2387 1433 2448 plene
1471 2387 1758 2451 participes,
1798 2401 1899 2448 qua
1934 2383 2240 2433 obeuntibus
2277 2382 2329 2431 in
2357 2381 2582 2431 eiusdem
2618 2387 2750 2431 terre
2780 2381 2992 2430 seruitio

600 2479 720 2522 sunt
770 2485 1029 2520 concesse.
1126 2469 1491 2520 Commutandi
1543 2472 1609 2519 ad
1658 2471 1754 2519 hec
1808 2486 1839 2518 a
1874 2468 2105 2533 personis
2142 2469 2417 2517 earundem
2454 2468 2714 2516 diocesum
2750 2466 2993 2515 emissum

595 2556 916 2615 ieiuniorum,
955 2570 1014 2604 ae
1052 2556 1323 2605 cuiuslibet
1358 2555 1780 2620 peregrinationis
1833 2559 2011 2601 votum
2070 2554 2122 2601 in
2173 2550 2365 2614 negotij
2420 2551 2636 2614 predicti
2688 2549 2991 2609 subsidium,

596 2656 657 2691 ac
695 2639 848 2690 etiam
883 2654 974 2705 per
1009 2654 1276 2689 censuram
1330 2639 1733 2691 ecclesiasticam
1782 2639 2166 2701 crucesignatos
2203 2636 2459 2701 quoslibet
2495 2635 2844 2699 cuiuscunque
2876 2636 2987 2698 dig-

598 2726 773 2776 nitatis
811 2725 892 2775 vel
926 2724 1232 2774 conditionis
1270 2723 1472 2787 fuerint,
1493 2725 1850 2789 compellendi,
1887 2730 1941 2772 vt
1977 2724 2028 2771 in
2065 2724 2248 2772 eodem
2286 2720 2502 2770 termino
2540 2721 2667 2770 illud
2702 2721 2985 2780 executuri,

597 2813 665 2860 ad
701 2818 886 2860 terram
922 2811 1202 2875 predictam
1240 2811 1506 2870 accedant,
1542 2808 1624 2857 vel
1660 2809 1827 2872 ipsum
1863 2809 2131 2868 redimant,
2167 2807 2209 2855 si
2256 2805 2488 2868 legitimo
2536 2803 2725 2854 fuerint
2775 2803 2987 2867 impedi-

595 2902 770 2945 mento
807 2895 1014 2954 detenti,
1054 2901 1105 2943 et
1138 2909 1230 2942 vos
1266 2895 1493 2957 pensatis
1528 2907 1878 2956 personarum,
1914 2899 1964 2940 et
2002 2890 2116 2952 alijs
2155 2889 2552 2952 circumstantijs
2588 2891 2716 2939 illud
2758 2889 2985 2938 videritis

593 2980 960 3028 redimendum.
1031 2978 1092 3026 In
1128 2979 1228 3027 hoe
1265 2986 1441 3027 autum
1478 2986 1529 3026 et
1563 2976 1678 3039 alijs
1715 2977 1973 3041 premissis
2010 2975 2254 3037 articuliS,
2290 2977 2341 3024 in
2388 2974 2568 3038 quibus
2616 2974 2787 3038 aliqua
2820 2980 2986 3023 vestre

596 3062 1064 3127 circumspectionis
1102 3063 1309 3112 arbitrio
1346 3064 1716 3127 relinquuntur,
1756 3061 1981 3110 maxime
2019 3059 2092 3109 sic
2115 3067 2308 3110 vestras
2330 3060 2670 3109 conscientias
2692 3073 2983 3115 oneramus,

594 3153 650 3195 vt
684 3147 738 3196 in
775 3149 855 3196 die
892 3148 1051 3196 stricti
1090 3147 1341 3195 examinis
1379 3148 1652 3197 teneamini
1688 3155 1925 3196 exactam
1960 3146 2171 3194 reddere
2216 3145 2483 3194 rationem.
2540 3145 2818 3208 deputandi
2862 3158 2986 3206 quo-

594 3247 690 3296 que
727 3247 973 3296 personas
1011 3233 1222 3281 idoneas
1259 3232 1311 3280 in
1347 3233 1537 3282 eisdem
1574 3231 1860 3281 diocesibus
1900 3231 1966 3279 ad
2001 3230 2376 3293 redemptiones
2430 3229 2723 3278 huiusmodi
2767 3229 2988 3277 fideliter

594 3317 927 3379 colligendaS,
966 3323 1016 3365 et
1051 3316 1144 3365 sub
1176 3316 1465 3365 testimonio
1502 3315 1730 3365 fidelium
1767 3315 2096 3377 consignatas
2134 3315 2460 3378 deponendas
2495 3315 2548 3363 in
2575 3321 2704 3374 tut0,
2725 3327 2986 3376 quousque

593 3417 684 3467 per
719 3416 812 3451 nos
850 3400 1158 3464 dispositum
1197 3399 1367 3461 fuerit,
1405 3400 1622 3464 qualiter
1658 3401 1709 3448 in
1744 3399 2039 3448 huiusmodi
2083 3400 2365 3449 subsidium
2414 3405 2803 3458 conuertantur,
2842 3396 2985 3447 vobis

593 3485 797 3549 plenam
833 3485 1098 3534 tribuimus
1136 3483 1454 3535 facultatem.
1547 3483 1805 3534 Volumus
1857 3492 2089 3548 preterea
2126 3492 2178 3534 et
2214 3484 2557 3544 concedimuS,
2596 3491 2649 3532 vt
2684 3499 2775 3533 vos
2814 3482 2899 3546 qui
2932 3482 2987 3530 in

593 3569 764 3619 officio
802 3569 1163 3633 predicationis
1201 3571 1362 3619 crucis
1415 3585 1507 3632 pio
1543 3569 1770 3633 presenti
1807 3570 2014 3632 negotio
2052 3583 2143 3631 per
2176 3568 2447 3618 triennium
2474 3568 2722 3618 duxeritis
2748 3568 2987 3617 laborau-

594 3656 731 3716 dum,
779 3653 880 3703 illis
928 3654 1249 3703 immunitate
1309 3670 1369 3704 ae
1427 3655 1711 3719 priuilegijs
1773 3655 2055 3715 gaudeatis,
2109 3653 2347 3716 illiusque
2400 3653 2735 3716 indulgentie,
2790 3652 2989 3702 etiamsi

590 3738 724 3789 infra
761 3739 926 3802 ipsum
964 3739 1235 3788 triennium
1272 3755 1388 3788 eum
1425 3740 1704 3789 intentione
1742 3738 2018 3798 decedatis,
2065 3737 2358 3787 huiusmodi
2414 3738 2521 3787 sitis
2558 3738 2851 3802 participeS,
2890 3751 2985 3800 que

591 3823 932 3891 personaliter
965 3823 1017 3873 in
1075 3831 1205 3872 terre
1256 3826 1486 3887 predicte
1542 3824 1824 3874 subsidium
1878 3822 2327 3872 transfretantibus
2374 3823 2425 3870 in
2478 3822 2706 3885 generali
2765 3822 2985 3871 coneilio

589 3914 874 3957 noscuntur
909 3923 1018 3957 esse
1072 3923 1330 3958 concessa.
1418 3908 1676 3958 Volumus
1730 3909 1941 3973 insuper
1977 3916 2028 3957 et
2061 3908 2377 3971 presentium
2413 3909 2721 3956 auctoritate
2760 3906 2986 3955 districte

590 3993 918 4057 precipimuS,
955 3995 1091 4056 quod
1126 3995 1178 4042 in
1214 3994 1471 4058 premissis
1509 3994 1821 4057 exequendis
1860 3993 1969 4042 sitis
2007 3992 2216 4042 solliciti
2252 3998 2305 4040 et
2338 3992 2535 4053 attenti,
2562 4007 2656 4040 nec
2690 3993 2744 4040 in
2779 3992 2988 4041 illorum

591 4078 895 4128 executione
933 4079 1065 4127 alter
1100 4078 1318 4128 alterum
1370 4079 1615 4142 impediat
1665 4079 1747 4127 vel
1798 4079 2077 4142 perturbet.
2174 4075 2295 4126 Non
2350 4077 2587 4126 obstante
2638 4077 2681 4126 si
2734 4076 2985 4139 aliquibus

592 4165 728 4228 quod
764 4164 1215 4225 excommunicari,
1254 4164 1494 4226 suspendi
1532 4163 1612 4211 vel
1648 4164 1882 4211 interdici
1919 4177 2025 4212 non
2060 4162 2281 4222 valeant,
2319 4178 2351 4210 a
2403 4159 2550 4210 dieta
2599 4163 2719 4211 sede
2770 4161 2987 4211 forsitan

592 4249 659 4298 sit
695 4249 969 4309 indultum,
1005 4258 1056 4299 et
1105 4249 1414 4313 quibuslibet
1460 4248 1576 4309 alijs
1630 4248 1981 4312 indulgentijS,
2038 4263 2128 4296 seu
2185 4244 2489 4310 priuilegijS,
2543 4261 2634 4295 seu
2683 4246 2868 4295 litteris
2921 4246 2985 4294 ab

589 4335 769 4383 eadem
803 4334 923 4381 sede
959 4332 1196 4395 obientis,
1234 4349 1324 4397 per
1360 4347 1453 4395 que
1493 4332 1721 4396 predicta
1757 4333 1991 4396 impediri
2028 4332 2107 4381 vel
2156 4330 2320 4380 differi
2370 4332 2581 4395 possint,
2617 4336 2669 4380 et
2705 4331 2767 4380 de
2804 4330 2986 4394 quibus

589 4417 862 4483 specialem
900 4425 1136 4482 oporteat
1172 4419 1223 4467 in
1258 4417 1578 4482 presentibus
1631 4417 1737 4465 fieri
1792 4419 2114 4466 mentionem.
2200 4416 2393 4464 Datum
2446 4414 2688 4478 Lugduni
2741 4429 2843 4463 .xv.
2896 4414 2986 4462 ka-

588 4504 767 4553 lendas
806 4503 1044 4554 Octobris
1079 4503 1409 4565 pontificatus
1446 4502 1608 4550 nostri
1645 4517 1781 4551 anno
1818 4503 1987 4550 tertio.

589 4587 709 4632 (Ester
734 4586 930 4632 Astrykket
958 4587 1001 4623 af
1028 4587 1157 4622 Bullen
1189 4586 1226 4622 til
1258 4585 1490 4632 Erkebiskop
1520 4585 1633 4623 Folke
1664 4585 1706 4622 af
1729 4585 1898 4633 Uppsala
1927 4586 1936 4621 i
1967 4585 2127 4622 Vastovs
2161 4584 2254 4621 Vitis
2284 4583 2475 4632 aquilonia
2495 4583 2534 4621 S.
2559 4581 2644 4629 182,
2668 4574 2984 4630 og'Diplomatar.

589 4637 751 4675 Svecan.
782 4637 848 4674 No.
880 4636 965 4673 531.
1022 4638 1077 4673 En
1107 4635 1287 4682 lignende
1319 4637 1424 4672 ssuue
1453 4638 1490 4673 til
1520 4635 1865 4673 Praedicatorernes
1895 4637 2209 4682 Provincialprlor
2240 4635 2297 4672 for
2325 4633 2489 4678 Norden,
2522 4633 2666 4672 deteret
2697 4634 2781 4670 1120
2819 4634 2984 4671 Novem-

956 4689 1036 4733 ber,
1068 4687 1152 4724 med
1183 4686 1230 4724 de
1260 4686 1498 4733 nsdvcndige
1525 4686 1839 4732 Modificationer,
1870 4686 1991 4724 nudes
2019 4686 2159 4732 anrykt
2185 4687 2196 4722 i
2225 4686 2324 4733 Dipl.
2355 4685 2402 4725 N.
2430 4686 2500 4724 No.
2530 4683 2617 4724 584.
