3534 5361
1697 323 1774 379 57

712 511 860 568 Item
901 530 1051 568 anno
1097 530 1214 587 quo
1259 528 1454 584 supra,
1499 529 1652 567 .xxv.
1698 511 1790 566 die
1859 509 2070 567 mensis
2138 508 2428 577 OctobriS‚
2472 508 2812 566 recessimus
2857 509 2927 565 de

543 612 819 683 Parisius‚
865 613 1054 669 eundo
1101 631 1302 668 uersus
1341 610 1710 668 Auinionem.
1761 610 2056 669 Soluimus
2100 631 2205 686 pro
2274 618 2514 667 uentura
2579 628 2769 665 rerum
2831 609 2926 682 dfij

549 734 715 788 pape.
760 743 838 749 —--
885 714 980 770 jx.
1028 713 1207 771 libras
1252 733 1326 770 .X.
1370 712 1584 769 solidos
1624 710 2056 769 Parisiensium.

719 815 866 871 Item
914 833 1020 889 pro
1065 813 1252 872 saccis
1297 814 1368 870 de
1415 812 1590 884 cori0‚
1635 812 1828 870 eordis
1873 822 1929 870 et
1973 811 2252 888 ligaturis,
2297 822 2352 869 et
2411 811 2536 872 aliis
2594 811 2929 869 necessariis

546 916 618 971 ad
664 914 960 989 ligandum
1009 924 1063 972 et
1108 914 1454 990 portandum
1503 924 1803 988 argentum
1852 924 1907 970 et
1973 914 2278 989 pecuniam
2334 912 2428 987 dfij
2497 931 2664 987 papo.
2713 942 2788 949 --
2836 911 2929 985 vij.

544 1016 648 1074 sol.
692 1016 1097 1091 sterlingorum
1119 1013 1158 1073 ¹.

1830 1217 1965 1273 mxi.
2012 1216 2141 1275 libr.
2184 1218 2300 1294 xvj.
2345 1220 2447 1277 sol.
2485 1218 2600 1294 viij.
2644 1219 2771 1274 den.
2798 1237 2927 1274 eum

1952 1319 2147 1377 dimid.
2171 1321 2311 1378 Tur.
2336 1339 2667 1395 grossorum
2691 1318 2929 1393 argenti.

1951 1421 2229 1478 Reductis
2273 1425 2562 1500 sterIIngis
2606 1421 2678 1481 ad
2708 1421 2927 1476 Tul-on.

1947 1540 2179 1596 grossos
2224 1528 2463 1600 argenti.

1866 1623 1958 1679 jx.
2002 1624 2109 1681 lbr.
2156 1645 2214 1682 x.
2262 1628 2366 1685 sol.
2409 1627 2690 1685 Parisiefi.

1829 1723 2029 1792 &.lxix.
2078 1729 2308 1785 marche
2353 1738 2579 1786 monete
2617 1727 2929 1786 Noricane.

555 1468 684 1548 [αμ]
733 1473 973 1532 Summa
1008 1471 1399 1548 predictarum
1426 1488 1810 1544 expensarum

929 2287 1281 2390 Expense
1349 2286 1580 2364 fratris
1642 2287 2014 2365 Johannes
2079 2288 2169 2364 de
2236 2289 2548 2367 Serene.
2936 2310 3132 2348 soum-0-

722 2473 898 2530 Anno
944 2471 1041 2546 dfij
1087 2479 1186 2528 ‚m‘t
1233 2482 1361 2530 οεοῦ.
1404 2470 1571 2527 xxvi‘!
1757 2470 1890 2548 Ego
1954 2471 2131 2530 frater
2190 2473 2490 2532 Johannes
2555 2476 2626 2532 de
2696 2475 2935 2544 Semne,

552 2573 787 2648 quando
831 2573 1019 2632 debui·
1046 2572 1128 2630 ire
1172 2573 1230 2629 in
1275 2572 1670 2648 Norwegiam.
1723 2573 1830 2647 emj
1878 2574 1969 2648 dij.
2015 2593 2213 2649 equos,
2312 2575 2425 2649 Qui
2482 2576 2938 2634 deconstiterunt

550 2674 686 2732 mihi
733 2674 847 2749 .lvj.
893 2675 1142 2733 florenos
1188 2695 1318 2733 eum
1365 2674 1599 2733 dimidio
1645 2674 1789 2733 auri.

720 2778 1099 2853 Supradictos
1142 2797 1322 2853 equos
1366 2777 1599 2835 uendidi
1645 2776 1874 2853 Brugis.
1963 2778 2033 2834 In
2101 2778 2310 2853 quibus
2377 2780 2598 2854 perdidi
2668 2808 2727 2817 -
2794 2780 2931 2836 .xix.

549 2881 797 2937 florenos
840 2899 968 2937 eum
1017 2879 1252 2959 dimidio
1295 2880 1439 2936 auri.

719 2984 868 3038 Item
912 2981 969 3037 in
1018 3000 1130 3037 .xx.
1179 2981 1342 3055 agnis
1387 2981 1530 3038 auri.
1576 2991 1632 3037 et
1676 2978 1731 3035 in
1780 2980 1889 3055 ‚xij.
1937 2980 2167 3038 florenis
2211 2981 2337 3037 auri
2382 2982 2479 3056 qui
2545 2991 2936 3040 remanserant

551 3082 687 3139 mihi
732 3083 964 3157 quando
1011 3082 1143 3138 ueni
1172 3081 1384 3157 Brugis
1424 3090 1480 3139 et
1522 3082 1576 3138 in
1624 3080 1752 3140 aliis
1798 3081 2047 3138 denariis
2088 3082 2211 3139 auri
2249 3101 2395 3157 quos
2420 3084 2806 3158 expenderam
2833 3103 2937 3158 per

551 3183 709 3240 uiam
755 3182 976 3258 perdidi
1021 3184 1078 3240 in
1125 3183 1354 3241 cambio
1398 3183 1550 3241 dicte
1575 3192 1802 3240 monete
1843 3218 1899 3224 —
1934 3182 2084 3258 .xvij.
2107 3183 2210 3240 sol.
2234 3182 2333 3256 vij.
2363 3182 2490 3240 den.
2512 3184 2934 3259 sterlingorum.

722 3284 870 3341 Item
918 3304 1027 3359 pro
1074 3295 1317 3343 uectura
1363 3284 1607 3361 pecunie
1654 3285 1723 3341 de
1770 3284 2053 3341 Hamaria
2111 3304 2296 3360 usque
2359 3285 2642 3353 Asloiam,
2709 3296 2765 3343 et
2830 3306 2935 3362 pro

555 3395 727 3461 portu
774 3386 1001 3460 argenti
1048 3387 1119 3443 de
1164 3385 1371 3443 Asloia
1415 3405 1600 3461 usque
1646 3386 1886 3459 Ber-gas.
1972 3384 2168 3443 Distat
2236 3387 2516 3445 Hamaria
2585 3388 2655 3443 de
2715 3388 2939 3463 Bergis‚

554 3488 906 3546 transeundo
953 3508 1055 3564 per
1099 3487 1364 3545 Asloiam
1424 3507 1530 3562 per
1590 3506 1704 3543 .xx.
1775 3487 1974 3545 dietas.
2084 3488 2247 3547 Solui
2305 3516 2365 3525 --
2422 3508 2492 3546 .x.
2539 3488 2640 3546 sol.
2680 3487 2755 3563 iij.
2807 3490 2934 3547 den.

550 3589 973 3665 sterlingorum.

721 3691 869 3748 Item
916 3710 1023 3766 pro
1089 3691 1490 3767 recuperando
1556 3689 1750 3765 legato
1821 3690 1915 3765 dfij
1985 3692 2231 3749 Beronis
2296 3691 2543 3749 condam
2610 3691 2937 3765 cancellarij

552 3792 703 3867 regis
725 3792 1039 3867 Norwegie
1085 3803 1140 3849 et
1186 3812 1291 3869 pro
1338 3792 1603 3868 expensis
1645 3811 1792 3867 quas
1816 3791 1949 3850 feeit
1969 3793 2136 3851 Arno
2162 3793 2448 3868 Euduenj.
2494 3794 2592 3869 qui
2620 3793 2705 3851 bis
2733 3821 2807 3829 —
2834 3793 2935 3849 iuit

554 3895 707 3969 apud
756 3894 1132 3970 Tunsbergas
1178 3895 1249 3952 de
1281 3894 1505 3952 Asloia.
1552 3903 1609 3950 et
1648 3893 1971 3950 laborando
2015 3893 2121 3951 fuit
2166 3895 2221 3951 in
2266 3896 2364 3953 uia
2407 3915 2513 3972 per
2555 3914 2731 3952 vnum
2780 3913 2935 3951 men-
2985 3884 2996 3896 ⁸

553 4015 691 4066 sem,
737 3996 884 4053 solui
930 3996 1036 4053 sibi
1085 4024 1160 4033 ·--
1211 3995 1345 4069 .xiij.
1393 3996 1496 4053 sol.
1546 4004 1603 4052 et
1646 3994 1719 4068 vj.
1770 3996 1895 4052 den.
1941 3995 2362 4071 sterlingorum.

726 4098 873 4154 Item
920 4098 993 4155 de
1038 4097 1245 4173 Bergis
1290 4116 1472 4172 usque
1515 4096 1872 4171 Lythosiam,
1918 4116 2031 4171 que
2078 4097 2283 4155 ciuitas
2329 4098 2639 4174 Bergensis
2685 4097 2856 4154 distat
2904 4118 2936 4153 a

560 4201 838 4277 Lythosia
883 4220 986 4275 per
1028 4200 1161 4256 .xvi.
1205 4199 1388 4256 dietas
1435 4207 1491 4255 et
1538 4197 1705 4267 ultra,
1751 4197 1899 4272 soluj
1946 4218 2051 4273 pro
2094 4199 2270 4257 naulo
2331 4229 2411 4236 -
2470 4200 2584 4274 ‚xij.
2631 4199 2731 4256 sol.
2796 4209 2939 4256 ster-

552 4302 856 4377 lingorum.

626 4462 644 4491 ¹
690 4466 796 4515 Her
831 4464 1021 4515 tilseier
1057 4467 1154 4514 den
1189 4466 1356 4514 auden
1394 4466 1604 4515 Haand:

1519 4549 1642 4613 viij.
1679 4550 1765 4599 sol.
1803 4568 1849 4598 x.
1890 4549 1994 4599 den.
2031 4568 2132 4599 cum
2167 4549 2332 4599 dimid.
2367 4568 2521 4615 yross.
2570 4550 2686 4601 Tur.

763 4610 890 4681 [ap.]
1024 4615 1219 4667 Summa
1248 4618 1432 4683 payine
1476 4565 1653 4721 {.Ixix.
1694 4617 1781 4667 sol.
1821 4618 1922 4682 viij.
1962 4617 2067 4667 den.
2106 4618 2435 4681 sterlingorum
2472 4621 2673 4685 aryenti.

1524 4686 1605 4734 dx.
1644 4685 1702 4735 lb.
1739 4704 1786 4734 x.
1825 4686 1913 4736 sol.
1950 4685 2315 4736 Parisiensium.
