3534 5361
1735 371 1814 428 46

750 548 881 628 [ap]
963 556 1202 615 Summa
1245 555 1459 613 valoris
1526 555 1668 614 dicti
1733 555 1940 631 cambij
2009 557 2113 633 .vj0.
2159 558 2357 634 xxviij.
2422 578 2599 617 marc.
2665 559 2763 634 iiij.
2833 560 2963 616 den.

581 664 809 712 monete
849 656 1161 715 Noricane.

751 757 851 825 [Et
887 759 966 815 sic
1006 767 1167 815 restat
1230 759 1297 815 de
1354 777 1535 832 parua
1587 762 1820 832 pecunia
1885 759 2164 818 Noricana
2207 790 2291 799 ——
2335 763 2467 835 .iiffl·
2492 765 2590 835 υῇΰ.
2632 764 2743 818 Lzoe.
2788 779 2952 818 marc.

580 860 650 930 ι’ᾔ.
690 877 805 916 vno.
842 861 971 932 oeiiff.
1015 860 1135 916 den.
1179 868 1381 917 monete
1422 854 1733 931 Noricam]-

672 1216 1046 1318 Sequntur
1110 1219 1383 1296 cambia
1447 1217 1630 1295 facta
1697 1218 1789 1293 de
1854 1229 2140 1295 moneta
2207 1245 2427 1320 parua
2494 1219 2865 1298 Sweuica.

386 1389 576 1425 fur-zm».
749 1366 948 1424 Primo
991 1368 1061 1424 de
1110 1396 1184 1404 -—
1232 1368 1312 1425 .ii‘?
1356 1367 1474 1425 xxi.
1541 1387 1716 1425 marc.
1764 1367 1818 1443 ij.
1877 1388 2008 1426 vnc.
2067 1369 2135 1438 [et
2178 1364 2453 1440 dimidiall
2498 1389 2679 1444 parue
2743 1378 2969 1427 monete

584 1467 807 1525 Swecie
854 1468 1095 1526 emimus
1139 1470 1212 1525 ad
1258 1470 1484 1545 pondus
1531 1471 1601 1526 de
1647 1469 1958 1530 Stocolmis
2008 1505 2080 1512 -—
2130 1471 2285 1528 ‚xliii
2334 1490 2509 1529 marc.
2558 1491 2611 1527 v.
2656 1489 2787 1527 vnc.
2831 1469 2968 1545 xvij.

585 1569 714 1625 den.
759 1570 833 1625 ad
875 1571 1100 1645 pondus
1167 1571 1508 1645 predictum.
1581 1582 1918 1648 computata
1977 1574 2215 1629 marcha
2281 1572 2540 1648 qualibet
2600 1572 2822 1647 argentj
2894 1572 2970 1628 ad

586 1671 803 1727 dictum
848 1672 1075 1747 pondus
1118 1692 1225 1747 pro
1271 1692 1341 1730 .v.
1384 1692 1558 1730 marc.
1603 1673 1699 1749 xij.
1746 1673 1873 1729 den.
1917 1692 2100 1749 parue
2139 1684 2367 1730 monete
2416 1675 2486 1732 de
2532 1674 2782 1733 Swecia.

762 1801 1462 1816 ------
1474 1770 1505 1806 2

1134 1875 1207 1887 0000

586 1994 761 2031 marc.
806 1975 1027 2050 argenti
1073 1977 1144 2032 ad
1191 1977 1418 2052 pondus
1464 1978 1535 2033 de
1594 1976 1823 2051 Brugis.
1886 1977 1960 2032 ad
2022 1977 2314 2034 racionem
2383 1977 2454 2052 ‚vj
2541 1996 2717 2035 marc.
2787 1998 2971 2053 parue

589 2085 813 2132 monete
858 2096 963 2151 pro
1011 2095 1207 2134 marca
1250 2078 1510 2153 qualibet
1555 2077 1793 2153 argentj.
1841 2078 2050 2134 additis
2102 2078 2175 2133 ad
2235 2078 2471 2136 totalem
2520 2078 2820 2138 Summam
2866 2100 2968 2136 ex·

586 2187 758 2253 pacto
802 2178 911 2252 .xij.
959 2197 1131 2234 marc.
1176 2178 1415 2254 argenti.
1463 2180 1537 2236 ad
1583 2180 1803 2237 dictum
1843 2180 2070 2255 pondus
2118 2180 2188 2235 de
2234 2175 2464 2254 Brugis.

756 2278 947 2352 Quam
994 2278 1293 2337 Summam
1338 2282 1661 2357 recepimus
1702 2282 1760 2337 in
1800 2316 1872 2323 -κ
1911 2282 2069 2338 xlix.
2113 2280 2323 2338 marcis
2367 2279 2587 2357 argenti
2634 2282 2710 2338 ad
2756 2282 2970 2340 dictam

585 2381 813 2456 pondus
879 2382 949 2436 de
1015 2381 1227 2456 Brugis
1289 2383 1617 2441 valentibus
1687 2413 1741 2419 «-
1815 2383 2072 2457 xxxviij.
2147 2401 2320 2439 marc.
2367 2381 2458 2456 .vj.
2503 2401 2633 2440 unc.
2680 2382 2796 2460 viij.
2844 2385 2973 2441 den.
3051 2426 3055 2430 Α

586 2481 806 2557 argentj
853 2483 927 2539 ad
970 2482 1199 2557 pondus
1243 2484 1659 2542 Auinionense.

882 2583 961 2640 Et
1003 2583 1061 2640 in
1118 2612 1173 2620 ·-
1230 2583 1311 2658 .ij0.
1354 2585 1505 2659 xcvj.
1545 2585 1779 2643 florenis
1824 2585 1966 2660 aurj.

1243 2687 1418 2762 xlvij.
1464 2689 1592 2745 den.
1636 2686 1839 2764 *agnis
1882 2689 1953 2745 de
1998 2707 2159 2746 auro.

1243 2787 1336 2863 .iij.
1382 2789 1508 2845 den.
1552 2791 1626 2846 ad
1665 2790 1996 2847 cathedram
2042 2791 2111 2846 de
2158 2808 2318 2846 auro.

1241 2908 1295 2947 v.
1340 2889 1443 2946 sol.
1486 2890 1582 2965 vij.
1629 2891 1756 2948 den.
1782 2891 2002 2948 Turon.
2039 2891 2263 2966 argenti
2300 2890 2566 2948 Francie.

1247 2990 1302 3046 .i.
1347 2990 1473 3047 den.
1520 2991 1927 3066 sterlingorum
1969 2992 2213 3068 argenti,

587 3090 934 3168 computatis
979 3091 1217 3166 singulis
1262 3092 1333 3148 de
1379 3092 1550 3149 .cxiii.
1616 3092 1827 3150 marcis
1893 3094 2116 3170 argenti
2183 3093 2258 3150 ad
2323 3093 2551 3169 pondus
2622 3093 2691 3149 «le
2757 3079 2971 3168 Brugis

584 3212 690 3268 pro
736 3191 871 3266 .xlij‚
916 3192 1135 3250 Turon.
1181 3191 1403 3268 argenti
1447 3210 1628 3267 gross.
1685 3194 1838 3268 regis
1896 3195 2148 3252 Francie
2217 3203 2273 3250 et
2341 3193 2412 3249 .ii.
2482 3194 2788 3269 sterlingis.
2858 3212 2971 3270 que

584 3313 782 3351 marce
826 3293 1021 3349 valent
1062 3312 1178 3349 .xx.
1226 3293 1399 3350 libras
1447 3302 1502 3349 et
1547 3294 1602 3349 .i.
1649 3295 1752 3351 sol.
1799 3294 1893 3352 .ix.
1943 3296 2069 3352 den.
2138 3296 2279 3353 Tur.
2342 3314 2523 3369 gross,
2586 3305 2643 3353 et
2710 3295 2759 3352 .i.
2827 3305 2970 3352 ster-

587 3395 824 3470 lingum.
847 3394 1088 3470 singulis
1111 3394 1275 3469 agnis
1296 3413 1404 3469 pro
1427 3414 1539 3452 .xv.
1586 3395 1716 3453 den.
1761 3396 1981 3453 Turon.
2026 3415 2208 3471 gross.
2253 3397 2328 3456 .ii.
2374 3397 2500 3454 den.
2547 3396 2971 3473 sterlingorum,

589 3507 646 3553 et
688 3495 928 3571 singulis
973 3496 1225 3553 denariis
1270 3495 1346 3551 ad
1388 3497 1718 3553 cathedram
1763 3518 1872 3573 pro
1920 3498 2099 3572 .xxiij.
2129 3500 2257 3556 den.
2295 3498 2515 3554 Turon.
2563 3516 2746 3572 gross.
2797 3507 2854 3554 et
2900 3496 2970 3554 .ii.

588 3599 841 3674 sterling.
888 3606 944 3654 et
987 3597 1228 3672 singulis
1269 3597 1499 3654 florenis
1542 3618 1649 3673 pro
1695 3598 1829 3673 xiij.
1875 3600 2002 3657 den.
2038 3600 2259 3657 Turon.
2293 3618 2476 3675 gross.
2517 3608 2572 3655 et
2607 3599 2660 3656 .i.
2697 3599 2972 3675 sterlingo

590 3699 957 3775 computatis.

756 3800 906 3858 Item
952 3800 1023 3856 de
1082 3809 1171 3857 .m.
1239 3818 1288 3856 c.
1349 3799 1654 3877 lxxxxviij.
1713 3802 1923 3861 marcis
1990 3822 2123 3861 cum
2189 3801 2429 3858 dimidia
2496 3820 2677 3876 parue
2743 3811 2972 3860 monete

590 3902 814 3962 Swecie
849 3901 1089 3959 emimus
1129 3928 1198 3936 —-
1230 3899 1313 3975 .ij0.
1355 3901 1452 3958 iiii.
1496 3921 1721 3961 marcas
1767 3905 1988 3979 argentj
2034 3904 2108 3961 ad
2154 3904 2380 3979 pondus
2405 3902 2765 3962 Coloniense.
2815 3923 2970 3961 com-

588 4012 793 4081 putata
838 4002 1097 4078 qualibet
1163 4021 1360 4060 marca
1416 4003 1636 4079 argentj
1702 4024 1809 4081 pro
1878 4025 1952 4063 .v.
2019 4005 2227 4064 marcis
2293 4015 2367 4063 et‘
2414 4004 2525 4079 .vij.
2583 4005 2767 4063 vnciis
2821 4005 2971 4063 dicte

588 4124 771 4181 parue
816 4112 1058 4161 monete.
1103 4123 1279 4179 quam
1325 4103 1623 4164 Summam
1665 4107 1887 4182 argentj
1934 4107 2259 4183 recepimus
2302 4107 2361 4163 in
2421 4134 2505 4143 -—
2551 4104 2653 4179 .vj0.
2695 4104 2795 4179 xij.
2842 4106 2969 4163 den.

588 4207 908 4283 Regalibus
953 4205 1077 4280 auri
1124 4206 1194 4261 de
1240 4206 1411 4263 cunio
1457 4206 1722 4265 Francie.
1771 4210 2121 4285 computatis
2184 4207 2426 4283 singulis
2494 4206 2702 4264 marcis
2746 4207 2972 4282 argenti

590 4328 696 4384 pro
741 4308 834 4366 .iii.
880 4308 1009 4363 den.
1054 4307 1344 4382 regalibus
1388 4306 1532 4381 au11j.

759 4411 907 4466 Item
955 4409 1026 4465 de
1086 4439 1142 4446 —
1196 4410 1300 4466 .ix0.
1346 4409 1465 4468 liiii.
1512 4411 1720 4469 marcis
1766 4432 1839 4468 .v.
1885 4431 2015 4470 vnc.
2061 4431 2193 4469 cum
2239 4409 2474 4467 dimidia
2519 4429 2700 4486 parue
2743 4419 2972 4468 monete

592 4510 816 4571 Swecie
861 4510 1102 4568 emimus
1151 4536 1222 4546 --
1272 4510 1443 4568 ‚clxii
1489 4529 1716 4569 marcas
1762 4533 1894 4572 cum
1941 4513 2178 4570 dimidia
2221 4512 2447 4586 argenti
2492 4511 2568 4568 ad
2635 4513 2862 4585 pondus
2902 4513 2972 4569 de

660 4656 678 4684 ¹
725 4660 928 4711 Ordene
966 4665 1048 4720 „et
1083 4651 1323 4707 dimidia“
1361 4665 1475 4708 staa
1509 4660 1777 4712 istedetfor
1812 4669 1971 4724 noget
2004 4661 2343 4713 bertraderet.
2413 4657 2438 4686 ²
2472 4660 2580 4709 Her
2615 4676 2698 4710 ere
2744 4670 2820 4711 tre
2855 4661 2974 4710 Lin-

719 4744 804 4808 jer
835 4744 1208 4794 bertraderede.
