3534 5361
1756 343 1875 412 ,190

620 531 759 595 qnod
792 542 946 594 super
979 531 1237 586 solutione
1274 530 1366 579 tibi
1400 528 1463 577 de
1496 527 1694 580 decima
1727 527 1814 577 uel
1847 526 2061 580 residuis
2096 527 2385 579 huiusmodi
2421 528 2655 590 facienda
2689 531 2792 580 duo
2817 530 2997 592 confici

620 614 781 668 facias
815 616 1103 670 consimilia
1137 613 1343 679 publica
1392 612 1732 666 instrumenta
1792 627 2003 678 quorum
2056 613 2219 670 altero
2270 629 2425 677 penes
2477 616 2687 665 eosdem
2739 615 2995 668 soluentes

621 700 829 749 dimisso
865 700 1080 764 reliqum
1115 701 1182 749 ad
1215 708 1447 749 nostram
1482 712 1628 747 cures
1666 712 1918 748 cameram
1956 697 2223 750 destinare.
2293 699 2491 758 Datum
2523 700 2782 756 Aninione
2808 715 2869 749 Ν.
2892 700 2994 749 kal.

624 784 772 848 Junij
811 784 1137 849 pontificatus
1174 784 1336 833 nostri
1373 798 1509 832 anno
1547 782 1745 832 decimo
1782 783 2015 846 septimo.

1223 867 1355 914 (Arch.
1383 867 1465 904 Vnt.
1494 867 1586 913 neg.
1615 866 1719 905 Secr.
1746 867 1831 904 Joh.
1862 866 1977 904 xxn.
2012 877 2073 907 nn,
2103 865 2164 906 17.
2193 878 2254 915 ep.
2282 865 2388 910 617).

1424 1091 1522 1150 84.
1614 1090 1793 1149 1333.
1856 1089 2011 1148 28de
2045 1089 2187 1150 Mai.

751 1208 1017 1262 Johannes
1052 1207 1323 1273 episcopus
1358 1222 1398 1256 s.
1437 1222 1476 1255 s.
1505 1207 1551 1256 d.
1577 1205 1949 1255 venerabilibus
1975 1205 2216 1260 fratribus
2253 1207 2573 1271 patriarchiS,
2597 1209 2992 1272 archiepiscopis

619 1302 672 1344 et
722 1293 972 1357 episcopis
1024 1307 1085 1341 ac
1144 1292 1344 1344 dilectis
1396 1289 1517 1354 filijs
1570 1290 1744 1339 electis
1797 1291 2066 1340 abbatibus
2118 1293 2387 1355 prioribus,
2436 1294 2657 1355 decaniS,
2703 1294 2991 1357 prepositis,

616 1377 1005 1438 archidiaconis,
1043 1375 1492 1440 archipresbiteris,
1528 1376 1812 1425 rectoribus
1849 1384 1898 1425 et
1933 1375 2049 1438 alijs
2080 1377 2408 1426 ecelesiarum
2433 1377 2641 1440 prelatis
2665 1378 2992 1443 ipsorumque

615 1462 1045 1526 uicesgerentibus
1082 1459 1318 1525 capitulis
1372 1475 1572 1524 quoque
1624 1461 1962 1510 conuentibus
2022 1462 2301 1525 ceterisque
2352 1461 2582 1525 personis
2635 1462 2990 1514 ecclesiasticis

614 1547 932 1611 regularibus
969 1553 1021 1595 et
1054 1545 1367 1596 secularibus
1404 1545 1654 1609 exemptis
1691 1552 1743 1593 et
1776 1560 1881 1595 non
1924 1547 2175 1609 exemptis
2231 1545 2585 1596 cisterciensis
2639 1546 2991 1598 cluniacensis

612 1631 1101 1682 Premonstratensis
1138 1629 1546 1681 camaldulensis
1582 1639 1877 1680 sanctorum
1911 1631 2183 1680 Benedicti
2229 1638 2280 1681 et
2331 1631 2612 1695 Augustini
2666 1641 2718 1681 et
2773 1632 2991 1684 aliorum

614 1717 864 1773 ordinum,
900 1731 960 1767 ac
996 1717 1265 1766 domorum
1298 1715 1565 1779 hospitalis
1619 1715 1783 1764 sancti
1838 1714 2090 1765 Johannis
2144 1715 2552 1767 Jerosolimitani
2609 1726 2784 1767 sancte
2827 1718 2990 1768 Marie

612 1800 1066 1860 Theotonicorum,
1104 1798 1489 1850 Calatrauensis
1526 1807 1578 1849 et
1611 1799 2014 1850 Humiliatorum
2056 1801 2315 1865 magistris
2368 1800 2622 1865 prioribus
2680 1811 2732 1851 et
2784 1819 2990 1869 precep-

613 1887 809 1938 toribus
843 1900 1044 1936 necnon
1077 1885 1329 1934 nobilibus
1365 1885 1499 1945 viriS,
1537 1885 1748 1934 ducibus
1785 1885 2096 1949 principibus
2133 1886 2510 1937 marchionibus
2545 1889 2814 1938 comitibus
2839 1890 2988 1939 baro-

610 1972 758 2022 nibus
794 1971 1066 2021 senescalis
1096 1969 1395 2033 justiciariis
1431 1970 1774 2034 potestatibus
1810 1972 2089 2034 capitaneis
2125 1971 2407 2020 rectoribus
2452 1972 2636 2022 baiulis
2685 1972 2988 2025 officialibus

608 2056 888 2119 ceterisque
926 2057 1140 2110 dominis
1177 2054 1545 2118 temporalibus
1580 2054 1998 2105 vniuersitatibus
2034 2072 2233 2119 quoque
2270 2064 2321 2106 et
2367 2058 2819 2109 communitatibus
2866 2060 2989 2110 ciui-

608 2147 774 2194 tatum
809 2149 1060 2198 terrarum
1094 2148 1378 2190 castrorum
1410 2140 1647 2189 villarum
1684 2147 1735 2190 et
1769 2139 1985 2190 aliorum
2021 2155 2453 2205 quorumcumque
2500 2143 2749 2205 locorum,
2786 2153 2838 2192 et
2871 2145 2987 2207 alijs

605 2225 853 2276 vniuersis
890 2233 941 2275 et
976 2225 1189 2289 singulis
1225 2226 1292 2274 ad
1327 2240 1453 2288 quos
1488 2230 1747 2289 presentes
1766 2225 1936 2274 littere
1956 2227 2278 2289 peruenerint
2306 2227 2522 2277 salutem
2552 2235 2603 2277 et
2620 2236 2785 2292 apost.
2805 2230 2984 2279 bened.

608 2309 737 2361 Cvm
772 2327 865 2362 nos
898 2311 1141 2364 dilectum
1174 2311 1337 2359 filium
1370 2311 1672 2372 magistrum
1707 2309 1916 2359 Petrum
1971 2309 2203 2373 Geruasij
2267 2312 2573 2362 canonicum
2628 2312 2986 2364 Vinariensem

606 2397 892 2459 apostolice
927 2395 1060 2445 sedis
1097 2396 1330 2448 nuntium
1374 2394 1713 2444 exhibitorem
1765 2397 2075 2460 presentium
2128 2398 2320 2447 dudum
2371 2399 2436 2447 ad
2486 2397 2652 2449 Dacis
2703 2409 2755 2449 et
2807 2400 2985 2450 deinde

604 2479 837 2531 Norweie
873 2486 925 2528 et
960 2479 1151 2530 Swecie
1187 2495 1463 2544 regnorum
1495 2487 1666 2543 partes
1702 2496 1797 2544 pro
1834 2481 1984 2530 certis
2020 2482 2208 2531 nostris
2245 2488 2296 2531 et
2331 2483 2544 2532 ecclesie
2560 2485 2793 2534 Romane
2827 2500 2985 2548 nego-

606 2565 699 2629 cijs
734 2565 1030 2615 duxerimus
1069 2566 1439 2615 destinandum.
1487 2566 1872 2615 vniuersitatem
1923 2575 2150 2616 uestram
2207 2582 2449 2631 rogamus
2503 2583 2771 2618 monemus
2826 2577 2877 2620 et
2932 2571 2985 2620 in

606 2650 811 2702 domino
848 2650 1099 2700 attencius
1135 2651 1469 2701 exhortamur
1507 2652 1742 2714 quatinus
1780 2652 1996 2702 eundem
2032 2667 2149 2702 cum
2185 2668 2275 2717 per
2317 2660 2476 2702 terras
2514 2653 2772 2704 districtus
2807 2661 2982 2719 portus

606 2742 657 2785 et
691 2735 806 2785 loca
839 2743 1014 2785 uestra
1049 2736 1342 2786 transiuerit
1387 2751 1478 2785 seu
1531 2752 1729 2786 moram
1781 2737 1968 2787 ibidem
2021 2739 2235 2788 traxerit
2290 2738 2509 2800 benigne
2568 2741 2983 2789 recomendatum

604 2822 853 2875 habentes
888 2821 1083 2875 nullam
1114 2822 1282 2873 eidem
1315 2828 1408 2875 aut
1441 2820 1644 2871 famulis
1680 2823 1786 2872 suis
1822 2823 1875 2872 in
1908 2823 2137 2888 personis
2173 2823 2259 2872 uel
2310 2824 2459 2873 rebus
2512 2839 2690 2874 eorum
2740 2826 2983 2876 molesta-

606 2907 798 2955 tionem
833 2905 918 2954 uel
951 2906 1186 2956 iniuriam
1203 2905 1450 2955 ‘inferatis
1487 2921 1580 2955 nec
1616 2908 1680 2955 ab
1717 2906 1835 2970 alijs
1871 2915 2117 2970 quantum
2169 2909 2223 2958 in
2273 2909 2419 2958 uobis
2476 2907 2630 2960 fuerit
2678 2911 2981 2974 permittatis

603 2988 776 3039 inferri
812 2991 901 3039 sed
938 2991 1008 3039 eis
1044 2991 1223 3055 pocius
1260 2992 1322 3040 de
1358 3006 1538 3041 securo
1575 2993 1833 3041 conductu
1866 2993 1921 3041 in
1955 2994 2122 3042 eundo
2161 3001 2212 3043 et
2246 2995 2493 3044 morando
2531 2995 2572 3044 si
2599 3010 2630 3044 a
2663 2995 2812 3046 uobis
2838 2996 2983 3045 illum

602 3075 813 3139 pecierit
847 3075 919 3123 sic
954 3083 1188 3139 prompte
1226 3091 1285 3125 ac
1321 3076 1476 3126 libere
1512 3092 1604 3140 pro
1642 3085 1821 3126 nostra
1857 3086 1908 3128 et
1943 3078 2169 3127 eiusdem
2205 3079 2339 3127 sedis
2375 3081 2667 3129 reuerencia
2711 3083 2981 3145 prouidere

603 3161 790 3209 curetis
826 3161 963 3223 quod
996 3159 1106 3224 ipse
1143 3161 1204 3209 de
1239 3160 1387 3210 uobis
1423 3169 1573 3224 grata
1595 3161 1785 3213 referre
1810 3164 1991 3212 merito
2016 3164 2206 3223 ualeat,
2233 3179 2427 3227 nosque
2447 3166 2770 3216 deuotionem
2796 3161 2979 3228 [tuam]

602 3245 865 3295 ualeamus
899 3253 1169 3309 propterea
1202 3245 1255 3297 in
1291 3247 1498 3303 domino
1534 3250 1906 3309 commendare,
1941 3250 2260 3312 presentibus
2294 3251 2538 3313 quamdiu
2571 3251 2679 3314 ipse
2715 3251 2769 3300 in
2807 3266 2980 3314 prose-

602 3330 805 3381 cutione
841 3330 1092 3380 dictorum
1126 3331 1456 3394 negociorum
1490 3331 1645 3383 fuerit
1679 3335 1983 3384 tantumodo
2027 3333 2275 3383 ualituris.
2368 3335 2565 3384 Datum
2599 3333 2859 3386 Aninione
2916 3352 2976 3387 .v.

601 3413 708 3469 kal.
749 3414 889 3477 Junij
928 3415 1260 3478 pontificatus
1296 3417 1455 3465 nostri
1490 3434 1626 3469 anno
1663 3420 1863 3468 decimo
1902 3419 2134 3483 septimo.

1208 3497 1338 3545 (Arch.
1368 3501 1451 3539 Vat.
1480 3501 1570 3546 neg.
1600 3503 1702 3540 Secr.
1733 3503 1819 3540 Joh.
1852 3503 1969 3540 XXII.
2002 3514 2062 3540 an.
2100 3502 2159 3542 17.
2195 3514 2252 3552 ep.
2281 3499 2385 3548 618).

1415 3723 1514 3782 85.
1607 3726 1783 3784 1333.
1872 3727 1969 3786 5te
2010 3727 2174 3786 Juni.

733 3839 804 3892 Jn
840 3838 1042 3889 nomine
1084 3840 1273 3889 domini
1310 3856 1477 3890 amen.
1535 3840 1689 3891 Anno
1731 3857 1764 3890 a
1804 3843 2074 3893 natiuitate
2111 3846 2352 3894 eiusdem.
2379 3856 2457 3905 mq
2501 3857 2615 3905 cccq
2657 3847 2854 3909 xxxiijq
2898 3849 2978 3897 die

599 3925 777 3989 quinta
808 3925 996 3977 mensis
1033 3924 1194 3987 Junij,
1225 3925 1515 3988 jndictione
1551 3927 1729 3989 prima,
1766 3929 2095 3991 pontificatus
2132 3930 2437 3979 sanctissimi
2484 3932 2641 3995 patris
2690 3939 2742 3982 et
2786 3934 2978 3982 domini

598 4011 760 4059 nostri
796 4009 985 4059 domini
1022 4009 1275 4060 Johannis
1312 4010 1488 4060 diuina
1530 4011 1860 4075 prouidencia
1904 4029 2035 4078 pape
2081 4015 2226 4077 ‚xxij.
2266 4031 2403 4065 anno
2440 4015 2591 4077 .xvijq
2652 4015 2976 4068 Constitutus

597 4095 932 4158 personaliter
960 4092 1021 4156 jn
1041 4095 1304 4159 presencia
1319 4095 1418 4145 mei
1437 4095 1622 4158 notarij
1645 4104 1696 4146 et
1717 4099 1922 4148 testium
1942 4098 2384 4164 infrascriptorum
2401 4102 2703 4151 venerabilis
2722 4110 2774 4153 et
2792 4105 2978 4154 discre-

597 4186 679 4229 tus
713 4179 791 4227 vir
809 4180 1040 4237 domi-nus
1058 4179 1240 4228 Petrus
1262 4179 1494 4243 Geruasij
1520 4175 1628 4240 [etc.
1649 4198 1747 4230 som
1764 4182 1787 4230 i
1801 4180 1899 4232 No.
1927 4181 1996 4234 76
2012 4182 2093 4246 til]
2123 4186 2426 4248 recognouit
2444 4201 2498 4236 se
2517 4189 2765 4251 recepisse
2784 4196 2837 4238 et
2851 4190 2976 4238 hab·

597 4267 734 4314 uisse
768 4280 801 4313 a
835 4264 1114 4313 reuerendo
1146 4272 1292 4328 patre
1319 4267 1525 4316 domino
1543 4266 1740 4317 Karolo
1761 4269 2020 4332 episcop0,
2040 4271 2299 4334 preposito
2321 4279 2372 4320 et
2391 4272 2616 4335 capitulo
2631 4274 2841 4323 ecclesie
2859 4273 2977 4324 Lin-

597 4350 845 4414 copensis,
881 4364 971 4413 per
1005 4365 1185 4407 manus
1218 4351 1584 4401 venerabilium
1620 4352 1845 4403 virorum
1881 4354 2202 4405 dominorum
2238 4354 2492 4407 Johannis
2529 4359 2889 4423 archidyaconi
2926 4367 2978 4409 et

596 4432 777 4487 Karoli
812 4434 992 4484 decani
1023 4434 1242 4484 ,ecclesie
1260 4434 1594 4500 Lincopensis
1631 4438 1873 4501 predicte,
1911 4441 2297 4502 quatuordecim
2345 4443 2580 4492 marchas
2619 4445 2817 4506 argenti
2851 4459 2975 4507 pon-

598 4520 730 4570 deris
776 4518 1043 4571 Scarensis
1096 4528 1152 4571 et
1187 4535 1374 4568 nouem
1409 4522 1642 4571 marchas
1678 4532 1887 4572 monete
1923 4523 2185 4574 Gottensis
2222 4527 2288 4575 ad
2323 4527 2459 4576 idem
2490 4529 2692 4592 pondus
2726 4530 2976 4593 pondera·

598 4611 678 4654 tas
715 4606 777 4655 de
811 4603 997 4666 legatis
1050 4605 1104 4654 in
1138 4605 1421 4655 subsidium
1455 4612 1587 4655 terre
1625 4613 1803 4656 sancte
1838 4605 1990 4657 factis
2027 4624 2059 4663 a
2095 4609 2308 4666 diuersis
2362 4603 2593 4674 personis
2646 4613 2870 4668 ciuitatis
2922 4621 2974 4663 et

599 4688 816 4738 diocesis
851 4688 1202 4754 Lincopensis,
1241 4705 1455 4752 quarum
1489 4692 1698 4741 nomina
1732 4707 1838 4742 non
1874 4703 2248 4756 expresserunt,
2274 4710 2367 4745 nec
2403 4697 2530 4746 alias
2567 4699 2730 4747 eidem
2767 4698 2973 4748 domino
