3534 5361
1727 358 1804 413 76

753 541 918 597 Item.
962 540 1231 597 Balteum
1277 550 1613 615 argenteum
1662 560 1793 598 cum
1842 560 2056 598 corona
2103 552 2377 616 argentea
2425 543 2494 598 de
2518 553 2724 600 aurata
2747 543 2963 600 valoris

589 668 656 678 -
711 641 782 716 .ij.
828 660 931 698 mr.
973 660 1103 699 cum
1151 640 1385 698 dimidia
1430 642 1670 717 argenti.

752 742 899 798 Item
944 761 1120 798 vnum
1168 760 1347 799 cornu
1391 761 1498 817 pro
1547 771 1619 778 -
1669 743 1720 817 .j.
1765 762 1870 800 mr.
1918 761 2039 817 arg.

753 842 899 901 Item
948 843 1176 918 ciphum
1223 851 1558 917 argenteum
1606 861 1739 899 cum
1784 843 1931 917 pede
1977 852 2033 900 et
2078 845 2444 919 coopertorio
2492 846 2831 902 deauratum
2877 845 2962 902 in-

583 952 675 1001 tus
720 952 777 1000 et
816 944 1069 1001 exterius
1112 971 1192 981 -—
1239 943 1509 1018 ponderis
1553 942 1662 1017 .vij.
1709 963 1812 1000 mr.
1857 962 1987 1000 cum
2034 943 2130 1018 .iij.
2175 945 2290 1001 oris
2335 957 2391 1002 et
2433 945 2670 1003 dimidia
2712 966 2835 1021 arg.

756 1044 898 1100 Item
946 1044 1019 1119 ij.
1068 1044 1268 1119 ciphos
1314 1044 1407 1102 .ix.
1451 1043 1741 1102 coclearia
1787 1062 1917 1102 cum
1963 1045 2161 1119 paruis
2207 1044 2388 1103 clauis
2446 1046 2679 1104 minutis
2743 1048 2964 1121 argenti

583 1144 854 1219 ponderis
897 1173 980 1182 —
1028 1165 1101 1202 .v.
1147 1165 1249 1202 mr.
1293 1164 1444 1203 cum.
1480 1143 1527 1217 j.
1573 1164 1676 1203 ora
1722 1157 1778 1202 et
1818 1144 1960 1200 dim!
2004 1164 2126 1220 arg.

753 1245 900 1303 Item
945 1265 1019 1303 .v.
1064 1246 1273 1304 fibulas
1317 1265 1524 1303 aureas
1571 1264 1702 1303 cum
1749 1244 2040 1321 lapidibus
2085 1265 2198 1302 non
2243 1247 2519 1321 preciosis
2586 1259 2643 1306 et
2705 1248 2968 1324 paruulis

587 1356 643 1403 et
687 1346 762 1421 .ij.
807 1346 1053 1405 annulos
1101 1366 1233 1405 cum
1278 1345 1568 1421 lapidibus
1613 1354 1669 1402 et
1712 1364 1890 1402 unum
1933 1345 2053 1403 sine
2111 1346 2304 1423 lapide
2362 1349 2489 1405 auri
2553 1350 2821 1425 ponderis
2886 1376 2965 1386 -

586 1445 762 1520 .xviij.
811 1466 1043 1505 orarum
1089 1467 1219 1506 cum
1267 1447 1502 1504 dimidio
1546 1446 1734 1503 solido
1780 1447 1923 1503 auri.

755 1548 902 1604 Item
950 1557 1116 1624 pater
1159 1557 1352 1606 noster
1398 1566 1528 1605 cum
1576 1566 1748 1605 cruce
1793 1548 2021 1606 nodolis
2067 1557 2122 1605 et
2166 1549 2456 1625 lapidibus
2501 1569 2569 1608 ac
2615 1548 2743 1623 alijs
2773 1549 2970 1623 paruis

587 1667 965 1707 manucarum
1012 1648 1212 1720 clauiS,
1253 1628 1466 1707 valoris
1512 1648 1563 1722 .j.
1612 1667 1715 1705 mr.
1760 1648 2006 1723 argenti.

759 1750 913 1807 Item
960 1769 1136 1808 unum
1184 1750 1424 1808 calicem
1472 1768 1602 1807 cum
1648 1759 1860 1825 patena
1905 1748 2149 1807 fractum
2193 1749 2431 1809 interius
2454 1752 2676 1826 argenti
2697 1751 2969 1827 ponderis

597 1881 639 1887 -
715 1851 811 1926 .xj.
860 1870 944 1909 or.
991 1870 1115 1925 arg.

759 1953 904 2009 Item
950 1971 1130 2009 unum
1175 1971 1281 2010 vas
1325 1960 1662 2026 argenteum
1707 1971 1839 2010 cum
1884 1950 2068 2008 fracto
2113 1952 2294 2010 calice
2339 1963 2395 2011 et
2438 1965 2650 2029 patena
2694 1962 2969 2028 argentea

586 2053 683 2110 vel
729 2053 1016 2111 coclearia
1061 2072 1191 2111 cum
1238 2052 1450 2110 lamina
1494 2062 1772 2127 argentea
1816 2053 1986 2110 clauo
2031 2052 2206 2110 baltei
2251 2065 2307 2111 et
2364 2074 2479 2112 vno
2535 2056 2756 2113 Boemo
2822 2075 2966 2131 pon·

588 2155 739 2213 deris
795 2185 848 2191 —-
910 2154 1053 2230 ‚iiijqr
1082 2175 1185 2212 mr.
1233 2173 1363 2213 cum
1408 2173 1479 2211 .v.
1528 2173 1609 2210 or.
1655 2173 1778 2229 arg.

756 2256 908 2313 Item
953 2257 1010 2312 in
1052 2255 1266 2331 grossis
1290 2254 1728 2314 Turonensibus
1752 2254 2057 2330 Sterlingis
2083 2263 2139 2311 et
2162 2255 2398 2314 Boemis
2439 2258 2709 2332 ponderis
2757 2287 2828 2294 --
2878 2257 2970 2331 .vj.

586 2377 668 2413 or.
716 2376 846 2415 cum
893 2357 1128 2414 dimidia
1172 2376 1294 2432 arg.

754 2459 904 2516 Item
951 2478 1027 2515 .x.
1072 2458 1316 2517 annulos
1361 2457 1503 2532 .iiij0.r
1528 2458 1738 2517 fibulas
1783 2476 1992 2515 aureas
2027 2475 2156 2515 cum
2184 2457 2425 2517 diuersis
2448 2459 2737 2535 lapidibus
2760 2459 2969 2535 aliqui-

582 2561 690 2617 bus
734 2559 930 2618 vitreis
972 2560 1117 2618 duas
1162 2579 1366 2618 cruces
1411 2558 1664 2635 aquilam
1710 2577 1947 2617 auream
1994 2577 2127 2617 cum
2174 2558 2248 2633 .ij.
2291 2559 2610 2634 grifonibus
2653 2560 2781 2620 auri
2820 2580 2966 2636 pon-

587 2660 738 2721 deris
788 2690 855 2699 ·--
911 2660 1000 2738 .vj.
1046 2680 1128 2719 or.
1180 2680 1311 2721 cum
1356 2660 1411 2737 .j.
1457 2660 1727 2720 sol.auri.
1759 2647 2109 2737 computatis
2151 2680 2258 2738 pro
2302 2689 2386 2699 -
2432 2660 2527 2720 .ix.
2574 2682 2678 2721 mr.
2725 2663 2965 2739 argenti.

750 2762 901 2822 Item
944 2763 1215 2821 Balteum
1261 2764 1331 2821 de
1377 2763 1578 2823 Serico
1624 2782 1756 2820 cum
1802 2761 1915 2836 .vij.
1985 2762 2168 2820 clauis
2233 2762 2521 2838 argenteis
2589 2783 2696 2839 pro
2770 2793 2839 2802 -
2910 2765 2966 2839 .j.

584 2883 688 2922 mr.
736 2865 977 2941 argenti.

753 2967 902 3023 Item
951 2966 1002 3041 .j.
1051 2975 1339 3024 crateram
1388 2984 1518 3023 cum
1578 2965 1653 3039 .ij.
1711 2961 1987 3022 *fodekar
2051 2984 2222 3023 vnam
2290 2965 2628 3039 amphoram
2694 2986 2826 3025 cum
2896 2966 2968 3040 .ij.

584 3067 780 3144 paruis
823 3068 1080 3127 scutellis
1123 3067 1346 3143 argenti
1388 3067 1632 3124 estimat.
1677 3086 1784 3142 pro
1863 3095 1896 3101 -
1953 3065 2087 3140 xiij.
2135 3085 2237 3123 mr.
2281 3066 2523 3141 argenti.

754 3169 906 3226 Item
953 3170 1184 3245 ciphum
1230 3178 1567 3243 argenteum
1612 3167 1884 3243 ponderis
1927 3195 2011 3204 -
2057 3166 2150 3240 .vj.
2197 3185 2279 3225 or.
2328 3176 2384 3223 et
2431 3167 2506 3242 .ij.
2549 3167 2653 3225 sol.
2699 3189 2830 3227 cum
2884 3168 2969 3225 di-

586 3269 762 3327 midio
804 3270 1045 3346 argenti.

763 3373 912 3428 Item
957 3371 1239 3447 quasdam
1285 3371 1604 3428 decretales
1649 3369 1918 3446 Gregorij
1963 3389 2071 3445 pro
2120 3399 2190 3408 -
2246 3370 2340 3445 .iij.
2388 3389 2490 3428 mr.
2537 3371 2779 3446 argenti.

755 3473 904 3529 Item
949 3492 1055 3548 pro
1101 3472 1282 3529 calice
1328 3472 1424 3528 dfii
1469 3471 1722 3530 Abbatis
1766 3471 2262 3546 Ryngstadiensis.
2316 3500 2384 3508 -
2440 3472 2556 3546 .xij.
2597 3491 2699 3528 mr.
2727 3472 2969 3546 argenti.

761 3576 908 3632 Item
955 3594 1059 3649 per
1103 3592 1307 3630 manus
1350 3573 1563 3631 Jacobi
1608 3572 1891 3630 Karlsson
2065 3570 2139 3645 .ij.
2186 3591 2290 3629 mr.
2332 3572 2575 3646 argenti.

1265 3673 1511 3749 Recepit
1543 3674 1996 3748 jnstrumentum
2034 3673 2315 3731 Jacobus.

761 3879 1075 3939 Sciendum
1124 3889 1209 3939 est
1261 3879 1418 3955 quod
1465 3896 1669 3935 aurum
1716 3877 1880 3935 istius
1925 3876 2136 3952 pagine
2183 3877 2439 3952 exceptis
2501 3895 2572 3933 .v.
2631 3876 2859 3935 annulis
2924 3887 2978 3933 et

588 4001 705 4039 vna
749 3981 929 4038 fibula
975 3980 1103 4038 auri
1149 3980 1458 4037 conflatum
1507 3990 1563 4036 et
1612 3979 1958 4054 depuratum
1997 3978 2054 4034 in
2103 3977 2341 4034 ciuitate
2397 3977 2705 4053 Lybicensi
2763 3979 2978 4053 ponde-

589 4084 757 4140 rabat
801 4082 853 4156 .j.
899 4102 1151 4140 marcam
1198 4100 1330 4140 cum
1369 4080 1604 4137 dimidia
1644 4080 1790 4137 auri.

758 4184 918 4242 Dicti
964 4202 1107 4242 uero
1156 4203 1229 4240 .v.
1279 4180 1477 4240 annuli
1525 4200 1655 4237 cum
1702 4181 1882 4239 fibula
1924 4179 2140 4237 venditi
2185 4178 2418 4237 fuerunt
2474 4198 2580 4254 pro
2626 4209 2704 4216 -
2755 4199 2827 4236 .x.
2872 4198 2975 4237 mr.

589 4285 831 4360 argenti.

1561 4519 1740 4575 .1xxx.
1787 4527 1890 4576 nir.
1934 4537 2065 4576 cum
2111 4518 2363 4575 dimidia.
2410 4528 2462 4575 et
2513 4517 2585 4588 .ij.
2625 4517 2729 4575 sol.
2753 4517 2974 4592 argenti

590 4603 727 4681 [ap]
801 4605 1041 4666 Summa
1084 4606 1253 4663 huius
1299 4519 1548 4762 pagine{
1645 4603 1915 4678 ponderis
1962 4602 2344 4661 Coloniensis.

1568 4687 1615 4761 j.
1664 4705 1767 4744 mr.
1814 4706 1946 4744 cum
1993 4686 2228 4744 dimidia
2274 4686 2400 4743 auri
2444 4687 2501 4742 in
2547 4685 2761 4742 Massa.
