<?xml version="1.0" encoding="UTF-8"?>
<!DOCTYPE html PUBLIC "-//W3C//DTD XHTML 1.0 Transitional//EN"
    "http://www.w3.org/TR/xhtml1/DTD/xhtml1-transitional.dtd">
<html xmlns="http://www.w3.org/1999/xhtml" xml:lang="en" lang="en">
 <head>
  <title>
</title>
<meta http-equiv="Content-Type" content="text/html;charset=utf-8" />
  <meta name='ocr-system' content='tesseract 3.04.00' />
  <meta name='ocr-capabilities' content='ocr_page ocr_carea ocr_par ocr_line ocrx_word'/>
</head>
<body>
  <div class='ocr_page' id='page_1' title='image "./paveligenuntier00kildgoog_0180.png"; bbox 0 0 3534 5361; ppageno 0'>
   <div class='ocr_carea' id='block_1_1' title="bbox 1758 357 1880 415">
    <p class='ocr_par' dir='ltr' id='par_1_1' title="bbox 1758 357 1880 415">
     <span class='ocr_line' id='line_1_1' title="bbox 1758 357 1880 415; baseline -0.008 0"><span class='ocrx_word' id='word_1_1' title='bbox 1758 357 1880 415; x_wconf 77' lang='lat'><strong>164</strong></span> 
     </span>
    </p>
   </div>
   <div class='ocr_carea' id='block_1_2' title="bbox 619 535 3003 1791">
    <p class='ocr_par' dir='ltr' id='par_1_2' title="bbox 619 535 3003 1791">
     <span class='ocr_line' id='line_1_2' title="bbox 619 535 3003 606; baseline -0.003 -15"><span class='ocrx_word' id='word_1_2' title='bbox 619 549 813 603; x_wconf 88' lang='lat' dir='ltr'><strong>noster,</strong></span> <span class='ocrx_word' id='word_1_3' title='bbox 846 555 1026 605; x_wconf 87' lang='lat' dir='ltr'><strong>gerens</strong></span> <span class='ocrx_word' id='word_1_4' title='bbox 1062 543 1202 591; x_wconf 88' lang='lat' dir='ltr'><strong>cordi</strong></span> <span class='ocrx_word' id='word_1_5' title='bbox 1239 540 1503 606; x_wconf 77' lang='lat' dir='ltr'><strong>negotium</strong></span> <span class='ocrx_word' id='word_1_6' title='bbox 1538 546 1670 590; x_wconf 87' lang='lat' dir='ltr'><strong>terre</strong></span> <span class='ocrx_word' id='word_1_7' title='bbox 1704 547 1898 600; x_wconf 84' lang='lat' dir='ltr'><strong>sancte,</strong></span> <span class='ocrx_word' id='word_1_8' title='bbox 1934 537 2290 590; x_wconf 79' lang='lat' dir='ltr'><strong>celsitudinem</strong></span> <span class='ocrx_word' id='word_1_9' title='bbox 2326 546 2466 587; x_wconf 90' lang='lat' dir='ltr'><strong>tuam</strong></span> <span class='ocrx_word' id='word_1_10' title='bbox 2501 551 2592 601; x_wconf 91' lang='lat' dir='ltr'><strong>per</strong></span> <span class='ocrx_word' id='word_1_11' title='bbox 2609 548 2729 585; x_wconf 82' lang='lat' dir='ltr'><strong>suas</strong></span> <span class='ocrx_word' id='word_1_12' title='bbox 2749 535 2843 585; x_wconf 87' lang='lat' dir='ltr'><strong>sub</strong></span> <span class='ocrx_word' id='word_1_13' title='bbox 2862 541 3003 584; x_wconf 84' lang='lat' dir='ltr'><strong>certa</strong></span> 
     </span>
     <span class='ocr_line' id='line_1_3' title="bbox 620 621 3001 690; baseline -0.003 -15"><span class='ocrx_word' id='word_1_14' title='bbox 620 624 789 675; x_wconf 73' lang='lat' dir='ltr'><strong>forma</strong></span> <span class='ocrx_word' id='word_1_15' title='bbox 820 626 1019 676; x_wconf 73' lang='lat' dir='ltr'><strong>litteras</strong></span> <span class='ocrx_word' id='word_1_16' title='bbox 1055 628 1206 676; x_wconf 84' lang='lat' dir='ltr'><strong>duxit</strong></span> <span class='ocrx_word' id='word_1_17' title='bbox 1239 626 1521 690; x_wconf 73' lang='lat' dir='ltr'><strong>rogandam</strong></span> <span class='ocrx_word' id='word_1_18' title='bbox 1557 627 1804 677; x_wconf 84' lang='lat' dir='ltr'><strong>attentius</strong></span> <span class='ocrx_word' id='word_1_19' title='bbox 1840 633 1893 675; x_wconf 93' lang='lat' dir='ltr'><strong>et</strong></span> <span class='ocrx_word' id='word_1_20' title='bbox 1926 625 2248 683; x_wconf 76' lang='lat' dir='ltr'><strong>hortandam,</strong></span> <span class='ocrx_word' id='word_1_21' title='bbox 2284 633 2342 671; x_wconf 90' lang='lat' dir='ltr'><strong>ut</strong></span> <span class='ocrx_word' id='word_1_22' title='bbox 2374 623 2533 685; x_wconf 90' lang='lat' dir='ltr'><strong>ipsius</strong></span> <span class='ocrx_word' id='word_1_23' title='bbox 2570 629 2703 671; x_wconf 91' lang='lat' dir='ltr'><strong>terre</strong></span> <span class='ocrx_word' id='word_1_24' title='bbox 2755 621 3001 685; x_wconf 89' lang='lat' dir='ltr'><strong>pressuris</strong></span> 
     </span>
     <span class='ocr_line' id='line_1_4' title="bbox 619 705 3002 774; baseline -0.003 -15"><span class='ocrx_word' id='word_1_25' title='bbox 619 711 898 760; x_wconf 80' lang='lat' dir='ltr'><strong>innumeris</strong></span> <span class='ocrx_word' id='word_1_26' title='bbox 935 719 987 760; x_wconf 91' lang='lat' dir='ltr'><strong>et</strong></span> <span class='ocrx_word' id='word_1_27' title='bbox 1021 710 1383 761; x_wconf 75' lang='lat' dir='ltr'><strong>afflictionibus</strong></span> <span class='ocrx_word' id='word_1_28' title='bbox 1416 709 1647 774; x_wconf 81' lang='lat' dir='ltr'><strong>plurimis</strong></span> <span class='ocrx_word' id='word_1_29' title='bbox 1684 712 1827 774; x_wconf 85' lang='lat' dir='ltr'><strong>regia</strong></span> <span class='ocrx_word' id='word_1_30' title='bbox 1860 710 2048 773; x_wconf 86' lang='lat' dir='ltr'><strong>pietate</strong></span> <span class='ocrx_word' id='word_1_31' title='bbox 2076 709 2392 773; x_wconf 89' lang='lat' dir='ltr'><strong>compatiens</strong></span> <span class='ocrx_word' id='word_1_32' title='bbox 2418 708 2710 757; x_wconf 84' lang='lat' dir='ltr'><strong>nullatenus</strong></span> <span class='ocrx_word' id='word_1_33' title='bbox 2732 705 3002 769; x_wconf 81' lang='lat' dir='ltr'><strong>impedires</strong></span> 
     </span>
     <span class='ocr_line' id='line_1_5' title="bbox 621 790 3002 860; baseline -0.003 -16"><span class='ocrx_word' id='word_1_34' title='bbox 621 810 714 844; x_wconf 89' lang='lat' dir='ltr'><strong>nec</strong></span> <span class='ocrx_word' id='word_1_35' title='bbox 748 796 980 859; x_wconf 88' lang='lat' dir='ltr'><strong>impediri</strong></span> <span class='ocrx_word' id='word_1_36' title='bbox 1016 796 1353 860; x_wconf 81' lang='lat' dir='ltr'><strong>permitteres,</strong></span> <span class='ocrx_word' id='word_1_37' title='bbox 1390 795 1512 859; x_wconf 89' lang='lat' dir='ltr'><strong>quin</strong></span> <span class='ocrx_word' id='word_1_38' title='bbox 1546 795 1743 844; x_wconf 89' lang='lat' dir='ltr'><strong>decima</strong></span> <span class='ocrx_word' id='word_1_39' title='bbox 1780 795 1914 844; x_wconf 88' lang='lat' dir='ltr'><strong>dicte</strong></span> <span class='ocrx_word' id='word_1_40' title='bbox 1949 802 2082 843; x_wconf 88' lang='lat' dir='ltr'><strong>terre</strong></span> <span class='ocrx_word' id='word_1_41' title='bbox 2118 794 2344 843; x_wconf 89' lang='lat' dir='ltr'><strong>subsidio</strong></span> <span class='ocrx_word' id='word_1_42' title='bbox 2378 793 2431 841; x_wconf 92' lang='lat' dir='ltr'><strong>in</strong></span> <span class='ocrx_word' id='word_1_43' title='bbox 2465 806 2624 856; x_wconf 90' lang='lat' dir='ltr'><strong>regno</strong></span> <span class='ocrx_word' id='word_1_44' title='bbox 2650 802 2739 840; x_wconf 85' lang='lat' dir='ltr'><strong>tuo</strong></span> <span class='ocrx_word' id='word_1_45' title='bbox 2760 806 2851 855; x_wconf 89' lang='lat' dir='ltr'><strong>per</strong></span> <span class='ocrx_word' id='word_1_46' title='bbox 2865 790 3002 852; x_wconf 88' lang='lat' dir='ltr'><strong>Lug-</strong></span> 
     </span>
     <span class='ocr_line' id='line_1_6' title="bbox 620 874 3003 945; baseline -0.002 -16"><span class='ocrx_word' id='word_1_47' title='bbox 620 881 849 930; x_wconf 85' lang='lat' dir='ltr'><strong>dunense</strong></span> <span class='ocrx_word' id='word_1_48' title='bbox 884 879 1155 930; x_wconf 88' lang='lat' dir='ltr'><strong>concilium</strong></span> <span class='ocrx_word' id='word_1_49' title='bbox 1191 882 1436 945; x_wconf 88' lang='lat' dir='ltr'><strong>deputata</strong></span> <span class='ocrx_word' id='word_1_50' title='bbox 1471 879 1841 941; x_wconf 77' lang='lat' dir='ltr'><strong>extraheretur,</strong></span> <span class='ocrx_word' id='word_1_51' title='bbox 1877 879 2064 929; x_wconf 85' lang='lat' dir='ltr'><strong>exinde</strong></span> <span class='ocrx_word' id='word_1_52' title='bbox 2097 878 2257 928; x_wconf 90' lang='lat' dir='ltr'><strong>libere</strong></span> <span class='ocrx_word' id='word_1_53' title='bbox 2293 879 2342 927; x_wconf 89' lang='lat' dir='ltr'><strong>in</strong></span> <span class='ocrx_word' id='word_1_54' title='bbox 2388 878 2671 941; x_wconf 87' lang='lat' dir='ltr'><strong>predictum</strong></span> <span class='ocrx_word' id='word_1_55' title='bbox 2722 874 3003 925; x_wconf 88' lang='lat' dir='ltr'><strong>subsidium</strong></span> 
     </span>
     <span class='ocr_line' id='line_1_7' title="bbox 621 959 3003 1028; baseline -0.003 -14"><span class='ocrx_word' id='word_1_56' title='bbox 621 966 899 1016; x_wconf 89' lang='lat' dir='ltr'><strong>secundum</strong></span> <span class='ocrx_word' id='word_1_57' title='bbox 934 962 1216 1027; x_wconf 90' lang='lat' dir='ltr'><strong>apostolice</strong></span> <span class='ocrx_word' id='word_1_58' title='bbox 1250 964 1385 1014; x_wconf 87' lang='lat' dir='ltr'><strong>sedis</strong></span> <span class='ocrx_word' id='word_1_59' title='bbox 1421 963 1688 1013; x_wconf 87' lang='lat' dir='ltr'><strong>arbitrium</strong></span> <span class='ocrx_word' id='word_1_60' title='bbox 1723 963 2054 1028; x_wconf 88' lang='lat' dir='ltr'><strong>disponenda.</strong></span> <span class='ocrx_word' id='word_1_61' title='bbox 2127 962 2259 1014; x_wconf 87' lang='lat' dir='ltr'><strong>Cum</strong></span> <span class='ocrx_word' id='word_1_62' title='bbox 2278 971 2449 1012; x_wconf 90' lang='lat' dir='ltr'><strong>autem</strong></span> <span class='ocrx_word' id='word_1_63' title='bbox 2467 959 2720 1024; x_wconf 88' lang='lat' dir='ltr'><strong>prefatum</strong></span> <span class='ocrx_word' id='word_1_64' title='bbox 2740 961 3003 1027; x_wconf 86' lang='lat' dir='ltr'><strong>negotium</strong></span> 
     </span>
     <span class='ocr_line' id='line_1_8' title="bbox 620 1044 3002 1113; baseline -0.003 -15"><span class='ocrx_word' id='word_1_65' title='bbox 620 1050 937 1113; x_wconf 88' lang='lat' dir='ltr'><strong>potissimum</strong></span> <span class='ocrx_word' id='word_1_66' title='bbox 972 1049 1188 1098; x_wconf 86' lang='lat' dir='ltr'><strong>insideat</strong></span> <span class='ocrx_word' id='word_1_67' title='bbox 1223 1049 1364 1098; x_wconf 89' lang='lat' dir='ltr'><strong>cordi</strong></span> <span class='ocrx_word' id='word_1_68' title='bbox 1399 1055 1599 1107; x_wconf 86' lang='lat' dir='ltr'><strong>nostro,</strong></span> <span class='ocrx_word' id='word_1_69' title='bbox 1636 1055 1688 1097; x_wconf 92' lang='lat' dir='ltr'><strong>et</strong></span> <span class='ocrx_word' id='word_1_70' title='bbox 1722 1049 1789 1097; x_wconf 88' lang='lat' dir='ltr'><strong>ad</strong></span> <span class='ocrx_word' id='word_1_71' title='bbox 1825 1047 2025 1099; x_wconf 84' lang='lat' dir='ltr'><strong>felicem</strong></span> <span class='ocrx_word' id='word_1_72' title='bbox 2060 1048 2433 1113; x_wconf 88' lang='lat' dir='ltr'><strong>promotionem</strong></span> <span class='ocrx_word' id='word_1_73' title='bbox 2483 1046 2620 1094; x_wconf 89' lang='lat' dir='ltr'><strong>illius</strong></span> <span class='ocrx_word' id='word_1_74' title='bbox 2671 1044 3002 1108; x_wconf 87' lang='lat' dir='ltr'><strong>uigilantibus</strong></span> 
     </span>
     <span class='ocr_line' id='line_1_9' title="bbox 621 1129 3003 1197; baseline -0.003 -14"><span class='ocrx_word' id='word_1_75' title='bbox 621 1132 804 1196; x_wconf 87' lang='lat' dir='ltr'><strong>studijs</strong></span> <span class='ocrx_word' id='word_1_76' title='bbox 840 1134 1180 1193; x_wconf 86' lang='lat' dir='ltr'><strong>intendamus,</strong></span> <span class='ocrx_word' id='word_1_77' title='bbox 1217 1133 1441 1197; x_wconf 85' lang='lat' dir='ltr'><strong>regalem</strong></span> <span class='ocrx_word' id='word_1_78' title='bbox 1479 1132 1912 1196; x_wconf 86' lang='lat' dir='ltr'><strong>magnificentiam</strong></span> <span class='ocrx_word' id='word_1_79' title='bbox 1945 1148 2187 1197; x_wconf 83' lang='lat' dir='ltr'><strong>rogamus</strong></span> <span class='ocrx_word' id='word_1_80' title='bbox 2225 1142 2276 1183; x_wconf 89' lang='lat' dir='ltr'><strong>et</strong></span> <span class='ocrx_word' id='word_1_81' title='bbox 2329 1133 2597 1182; x_wconf 86' lang='lat' dir='ltr'><strong>hortamur</strong></span> <span class='ocrx_word' id='word_1_82' title='bbox 2652 1130 2706 1179; x_wconf 90' lang='lat' dir='ltr'><strong>in</strong></span> <span class='ocrx_word' id='word_1_83' title='bbox 2760 1129 2869 1178; x_wconf 88' lang='lat' dir='ltr'><strong>filio</strong></span> <span class='ocrx_word' id='word_1_84' title='bbox 2923 1129 3003 1177; x_wconf 89' lang='lat' dir='ltr'><strong>dei</strong></span> 
     </span>
     <span class='ocr_line' id='line_1_10' title="bbox 621 1214 3002 1282; baseline -0.003 -15"><span class='ocrx_word' id='word_1_85' title='bbox 621 1219 795 1282; x_wconf 86' lang='lat' dir='ltr'><strong>patris,</strong></span> <span class='ocrx_word' id='word_1_86' title='bbox 832 1217 1070 1281; x_wconf 85' lang='lat' dir='ltr'><strong>quatinus</strong></span> <span class='ocrx_word' id='word_1_87' title='bbox 1106 1218 1171 1268; x_wconf 93' lang='lat' dir='ltr'><strong>ob</strong></span> <span class='ocrx_word' id='word_1_88' title='bbox 1207 1217 1434 1267; x_wconf 86' lang='lat' dir='ltr'><strong>diuinam</strong></span> <span class='ocrx_word' id='word_1_89' title='bbox 1470 1225 1522 1267; x_wconf 89' lang='lat' dir='ltr'><strong>et</strong></span> <span class='ocrx_word' id='word_1_90' title='bbox 1556 1218 1782 1268; x_wconf 90' lang='lat' dir='ltr'><strong>eiusdem</strong></span> <span class='ocrx_word' id='word_1_91' title='bbox 1818 1219 1951 1268; x_wconf 89' lang='lat' dir='ltr'><strong>sedis</strong></span> <span class='ocrx_word' id='word_1_92' title='bbox 2000 1218 2353 1277; x_wconf 87' lang='lat' dir='ltr'><strong>reuerentiam,</strong></span> <span class='ocrx_word' id='word_1_93' title='bbox 2391 1216 2625 1267; x_wconf 87' lang='lat' dir='ltr'><strong>sollerter</strong></span> <span class='ocrx_word' id='word_1_94' title='bbox 2676 1214 3002 1264; x_wconf 81' lang='lat' dir='ltr'><strong>considerans</strong></span> 
     </span>
     <span class='ocr_line' id='line_1_11' title="bbox 620 1297 3003 1367; baseline -0.003 -14"><span class='ocrx_word' id='word_1_95' title='bbox 620 1310 811 1353; x_wconf 88' lang='lat' dir='ltr'><strong>statum</strong></span> <span class='ocrx_word' id='word_1_96' title='bbox 846 1302 1227 1366; x_wconf 89' lang='lat' dir='ltr'><strong>dispendiosum</strong></span> <span class='ocrx_word' id='word_1_97' title='bbox 1261 1308 1314 1351; x_wconf 90' lang='lat' dir='ltr'><strong>ct</strong></span> <span class='ocrx_word' id='word_1_98' title='bbox 1347 1302 1686 1352; x_wconf 87' lang='lat' dir='ltr'><strong>miserabilem</strong></span> <span class='ocrx_word' id='word_1_99' title='bbox 1720 1304 1856 1353; x_wconf 88' lang='lat' dir='ltr'><strong>dicte</strong></span> <span class='ocrx_word' id='word_1_100' title='bbox 1891 1311 2022 1354; x_wconf 91' lang='lat' dir='ltr'><strong>terre</strong></span> <span class='ocrx_word' id='word_1_101' title='bbox 2058 1302 2252 1367; x_wconf 87' lang='lat' dir='ltr'><strong>sibique</strong></span> <span class='ocrx_word' id='word_1_102' title='bbox 2308 1302 2622 1366; x_wconf 88' lang='lat' dir='ltr'><strong>compatiens</strong></span> <span class='ocrx_word' id='word_1_103' title='bbox 2675 1314 2741 1348; x_wconf 85' lang='lat' dir='ltr'><strong>ex</strong></span> <span class='ocrx_word' id='word_1_104' title='bbox 2797 1297 3003 1358; x_wconf 86' lang='lat' dir='ltr'><strong>affectu,</strong></span> 
     </span>
     <span class='ocr_line' id='line_1_12' title="bbox 621 1384 3003 1453; baseline -0.001 -17"><span class='ocrx_word' id='word_1_105' title='bbox 621 1387 684 1436; x_wconf 91' lang='lat' dir='ltr'><strong>de</strong></span> <span class='ocrx_word' id='word_1_106' title='bbox 719 1386 861 1451; x_wconf 89' lang='lat' dir='ltr'><strong>regia</strong></span> <span class='ocrx_word' id='word_1_107' title='bbox 893 1387 1209 1450; x_wconf 85' lang='lat' dir='ltr'><strong>benignitate</strong></span> <span class='ocrx_word' id='word_1_108' title='bbox 1242 1387 1525 1451; x_wconf 88' lang='lat' dir='ltr'><strong>permittas,</strong></span> <span class='ocrx_word' id='word_1_109' title='bbox 1562 1396 1621 1438; x_wconf 87' lang='lat' dir='ltr'><strong>nt</strong></span> <span class='ocrx_word' id='word_1_110' title='bbox 1656 1388 1719 1437; x_wconf 90' lang='lat' dir='ltr'><strong>de</strong></span> <span class='ocrx_word' id='word_1_111' title='bbox 1742 1403 1913 1452; x_wconf 79' lang='lat' dir='ltr'><strong>,regno</strong></span> <span class='ocrx_word' id='word_1_112' title='bbox 1949 1390 2061 1453; x_wconf 90' lang='lat' dir='ltr'><strong>ipso</strong></span> <span class='ocrx_word' id='word_1_113' title='bbox 2097 1388 2330 1452; x_wconf 87' lang='lat' dir='ltr'><strong>predicta</strong></span> <span class='ocrx_word' id='word_1_114' title='bbox 2374 1386 2571 1436; x_wconf 88' lang='lat' dir='ltr'><strong>decima</strong></span> <span class='ocrx_word' id='word_1_115' title='bbox 2623 1384 2780 1434; x_wconf 90' lang='lat' dir='ltr'><strong>libere</strong></span> <span class='ocrx_word' id='word_1_116' title='bbox 2833 1391 3003 1434; x_wconf 87' lang='lat' dir='ltr'><strong>extra-</strong></span> 
     </span>
     <span class='ocr_line' id='line_1_13' title="bbox 619 1469 3003 1535; baseline -0.001 -14"><span class='ocrx_word' id='word_1_117' title='bbox 619 1472 787 1531; x_wconf 87' lang='lat' dir='ltr'><strong>hatur,</strong></span> <span class='ocrx_word' id='word_1_118' title='bbox 823 1471 1140 1535; x_wconf 89' lang='lat' dir='ltr'><strong>disponenda</strong></span> <span class='ocrx_word' id='word_1_119' title='bbox 1173 1477 1328 1535; x_wconf 88' lang='lat' dir='ltr'><strong>prout</strong></span> <span class='ocrx_word' id='word_1_120' title='bbox 1362 1473 1468 1522; x_wconf 88' lang='lat' dir='ltr'><strong>sedi</strong></span> <span class='ocrx_word' id='word_1_121' title='bbox 1505 1473 1744 1523; x_wconf 79' lang='lat' dir='ltr'><strong>iamdicta</strong></span> <span class='ocrx_word' id='word_1_122' title='bbox 1793 1473 2052 1523; x_wconf 89' lang='lat' dir='ltr'><strong>uidebitur</strong></span> <span class='ocrx_word' id='word_1_123' title='bbox 2108 1474 2159 1521; x_wconf 91' lang='lat' dir='ltr'><strong>in</strong></span> <span class='ocrx_word' id='word_1_124' title='bbox 2219 1479 2352 1521; x_wconf 90' lang='lat' dir='ltr'><strong>terre</strong></span> <span class='ocrx_word' id='word_1_125' title='bbox 2404 1469 2686 1521; x_wconf 87' lang='lat' dir='ltr'><strong>subsidium</strong></span> <span class='ocrx_word' id='word_1_126' title='bbox 2737 1470 3003 1533; x_wconf 81' lang='lat' dir='ltr'><strong>prelibato,</strong></span> 
     </span>
     <span class='ocr_line' id='line_1_14' title="bbox 620 1554 3003 1622; baseline -0.001 -17"><span class='ocrx_word' id='word_1_127' title='bbox 620 1555 693 1605; x_wconf 91' lang='lat' dir='ltr'><strong>sic</strong></span> <span class='ocrx_word' id='word_1_128' title='bbox 728 1564 946 1620; x_wconf 84' lang='lat' dir='ltr'><strong>promte,</strong></span> <span class='ocrx_word' id='word_1_129' title='bbox 967 1572 1027 1606; x_wconf 88' lang='lat' dir='ltr'><strong>ac</strong></span> <span class='ocrx_word' id='word_1_130' title='bbox 1064 1555 1340 1606; x_wconf 84' lang='lat' dir='ltr'><strong>efficaciter</strong></span> <span class='ocrx_word' id='word_1_131' title='bbox 1375 1565 1425 1606; x_wconf 90' lang='lat' dir='ltr'><strong>te</strong></span> <span class='ocrx_word' id='word_1_132' title='bbox 1461 1558 1513 1606; x_wconf 88' lang='lat' dir='ltr'><strong>in</strong></span> <span class='ocrx_word' id='word_1_133' title='bbox 1548 1557 1842 1608; x_wconf 87' lang='lat' dir='ltr'><strong>huiusmodi</strong></span> <span class='ocrx_word' id='word_1_134' title='bbox 1877 1558 2084 1622; x_wconf 89' lang='lat' dir='ltr'><strong>negotio</strong></span> <span class='ocrx_word' id='word_1_135' title='bbox 2119 1557 2401 1618; x_wconf 77' lang='lat' dir='ltr'><strong>habituruS,</strong></span> <span class='ocrx_word' id='word_1_136' title='bbox 2439 1564 2495 1606; x_wconf 91' lang='lat' dir='ltr'><strong>ut</strong></span> <span class='ocrx_word' id='word_1_137' title='bbox 2527 1554 2777 1620; x_wconf 89' lang='lat' dir='ltr'><strong>premium</strong></span> <span class='ocrx_word' id='word_1_138' title='bbox 2819 1555 3003 1604; x_wconf 85' lang='lat' dir='ltr'><strong>exinde</strong></span> 
     </span>
     <span class='ocr_line' id='line_1_15' title="bbox 621 1640 3003 1708; baseline -0.001 -17"><span class='ocrx_word' id='word_1_139' title='bbox 621 1641 712 1691; x_wconf 92' lang='lat' dir='ltr'><strong>tibi</strong></span> <span class='ocrx_word' id='word_1_140' title='bbox 748 1656 814 1691; x_wconf 85' lang='lat' dir='ltr'><strong>ex</strong></span> <span class='ocrx_word' id='word_1_141' title='bbox 850 1640 958 1690; x_wconf 92' lang='lat' dir='ltr'><strong>alto</strong></span> <span class='ocrx_word' id='word_1_142' title='bbox 993 1643 1279 1704; x_wconf 87' lang='lat' dir='ltr'><strong>proueniat,</strong></span> <span class='ocrx_word' id='word_1_143' title='bbox 1315 1651 1366 1691; x_wconf 91' lang='lat' dir='ltr'><strong>et</strong></span> <span class='ocrx_word' id='word_1_144' title='bbox 1399 1649 1570 1705; x_wconf 88' lang='lat' dir='ltr'><strong>preter</strong></span> <span class='ocrx_word' id='word_1_145' title='bbox 1604 1641 1773 1692; x_wconf 85' lang='lat' dir='ltr'><strong>laudis</strong></span> <span class='ocrx_word' id='word_1_146' title='bbox 1806 1643 2030 1693; x_wconf 87' lang='lat' dir='ltr'><strong>humane</strong></span> <span class='ocrx_word' id='word_1_147' title='bbox 2064 1644 2360 1708; x_wconf 87' lang='lat' dir='ltr'><strong>preconium</strong></span> <span class='ocrx_word' id='word_1_148' title='bbox 2396 1642 2530 1692; x_wconf 90' lang='lat' dir='ltr'><strong>sedis</strong></span> <span class='ocrx_word' id='word_1_149' title='bbox 2565 1640 2791 1705; x_wconf 83' lang='lat' dir='ltr'><strong>predicte</strong></span> <span class='ocrx_word' id='word_1_150' title='bbox 2837 1641 3003 1704; x_wconf 88' lang='lat' dir='ltr'><strong>gratia</strong></span> 
     </span>
     <span class='ocr_line' id='line_1_16' title="bbox 621 1724 3002 1791; baseline 0 -17"><span class='ocrx_word' id='word_1_151' title='bbox 621 1726 757 1774; x_wconf 88' lang='lat' dir='ltr'><strong>circa</strong></span> <span class='ocrx_word' id='word_1_152' title='bbox 791 1732 841 1774; x_wconf 87' lang='lat' dir='ltr'><strong>te</strong></span> <span class='ocrx_word' id='word_1_153' title='bbox 877 1739 981 1774; x_wconf 90' lang='lat' dir='ltr'><strong>non</strong></span> <span class='ocrx_word' id='word_1_154' title='bbox 1018 1725 1226 1789; x_wconf 88' lang='lat' dir='ltr'><strong>indigne</strong></span> <span class='ocrx_word' id='word_1_155' title='bbox 1262 1726 1508 1791; x_wconf 89' lang='lat' dir='ltr'><strong>suscipiat</strong></span> <span class='ocrx_word' id='word_1_156' title='bbox 1539 1727 1925 1778; x_wconf 89' lang='lat' dir='ltr'><strong>incrementum.</strong></span> <span class='ocrx_word' id='word_1_157' title='bbox 2018 1728 2216 1777; x_wconf 90' lang='lat' dir='ltr'><strong>Datum</strong></span> <span class='ocrx_word' id='word_1_158' title='bbox 2257 1728 2422 1778; x_wconf 86' lang='lat' dir='ltr'><strong>Rome</strong></span> <span class='ocrx_word' id='word_1_159' title='bbox 2466 1727 2605 1791; x_wconf 88' lang='lat' dir='ltr'><strong>apud</strong></span> <span class='ocrx_word' id='word_1_160' title='bbox 2639 1734 2873 1777; x_wconf 86' lang='lat' dir='ltr'><strong>sanctam</strong></span> <span class='ocrx_word' id='word_1_161' title='bbox 2908 1724 3002 1776; x_wconf 88' lang='lat' dir='ltr'><strong>Sa-</strong></span> 
     </span>
    </p>
   </div>
   <div class='ocr_carea' id='block_1_3' title="bbox 621 1809 2315 1945">
    <p class='ocr_par' dir='ltr' id='par_1_3' title="bbox 621 1809 2315 1945">
     <span class='ocr_line' id='line_1_17' title="bbox 621 1809 2216 1876; baseline 0.001 -16"><span class='ocrx_word' id='word_1_162' title='bbox 621 1811 795 1860; x_wconf 79' lang='lat' dir='ltr'><strong>binam</strong></span> <span class='ocrx_word' id='word_1_163' title='bbox 828 1825 991 1860; x_wconf 89' lang='lat' dir='ltr'><strong>nouas</strong></span> <span class='ocrx_word' id='word_1_164' title='bbox 1031 1809 1264 1874; x_wconf 79' lang='lat' dir='ltr'><strong>Januarij</strong></span> <span class='ocrx_word' id='word_1_165' title='bbox 1303 1811 1632 1875; x_wconf 85' lang='lat' dir='ltr'><strong>pontificatus</strong></span> <span class='ocrx_word' id='word_1_166' title='bbox 1668 1813 1829 1862; x_wconf 87' lang='lat' dir='ltr'><strong>nostri</strong></span> <span class='ocrx_word' id='word_1_167' title='bbox 1863 1827 2001 1862; x_wconf 89' lang='lat' dir='ltr'><strong>anno</strong></span> <span class='ocrx_word' id='word_1_168' title='bbox 2036 1812 2216 1876; x_wconf 89' lang='lat' dir='ltr'><strong>primo.</strong></span> 
     </span>
     <span class='ocr_line' id='line_1_18' title="bbox 1308 1890 2315 1945; baseline -0.002 -11"><span class='ocrx_word' id='word_1_169' title='bbox 1308 1894 1443 1941; x_wconf 66' lang='lat' dir='ltr'><strong>(Areia.</strong></span> <span class='ocrx_word' id='word_1_170' title='bbox 1473 1895 1558 1933; x_wconf 73' lang='lat' dir='ltr'><strong>Vnt.</strong></span> <span class='ocrx_word' id='word_1_171' title='bbox 1589 1895 1682 1943; x_wconf 70' lang='lat' dir='ltr'><strong>Bcg.</strong></span> <span class='ocrx_word' id='word_1_172' title='bbox 1713 1897 1851 1935; x_wconf 74' lang='lat' dir='ltr'><strong>Honor.</strong></span> <span class='ocrx_word' id='word_1_173' title='bbox 1878 1894 1941 1936; x_wconf 75' lang='grc' dir='ltr'><strong>Ν.</strong></span> <span class='ocrx_word' id='word_1_174' title='bbox 1968 1907 2031 1935; x_wconf 79' lang='grc' dir='ltr'><strong>ιιι.</strong></span> <span class='ocrx_word' id='word_1_175' title='bbox 2062 1895 2089 1933; x_wconf 89' lang='grc' dir='ltr'><strong>Ι.</strong></span> <span class='ocrx_word' id='word_1_176' title='bbox 2119 1907 2182 1945; x_wconf 86' lang='lat' dir='ltr'><strong>ep.</strong></span> <span class='ocrx_word' id='word_1_177' title='bbox 2211 1890 2315 1938; x_wconf 73' lang='lat'><strong>245).</strong></span> 
     </span>
    </p>
   </div>
   <div class='ocr_carea' id='block_1_4' title="bbox 1345 2118 2286 2179">
    <p class='ocr_par' dir='ltr' id='par_1_4' title="bbox 1345 2118 2286 2179">
     <span class='ocr_line' id='line_1_19' title="bbox 1345 2118 2286 2179; baseline 0.001 -3"><span class='ocrx_word' id='word_1_178' title='bbox 1345 2118 1445 2176; x_wconf 83' lang='lat'><strong>44.</strong></span> <span class='ocrx_word' id='word_1_179' title='bbox 1539 2120 1714 2179; x_wconf 61' lang='lat'>128&amp;</span> <span class='ocrx_word' id='word_1_180' title='bbox 1804 2120 1959 2179; x_wconf 82' lang='lat' dir='ltr'><strong>27de</strong></span> <span class='ocrx_word' id='word_1_181' title='bbox 2001 2119 2286 2178; x_wconf 85' lang='lat' dir='ltr'><strong>Februar.</strong></span> 
     </span>
    </p>
   </div>
   <div class='ocr_carea' id='block_1_5' title="bbox 623 2233 3009 3489">
    <p class='ocr_par' dir='ltr' id='par_1_5' title="bbox 623 2233 3009 3489">
     <span class='ocr_line' id='line_1_20' title="bbox 759 2233 3006 2299; baseline 0 -16"><span class='ocrx_word' id='word_1_182' title='bbox 759 2233 1021 2284; x_wconf 86' lang='lat' dir='ltr'><strong>Honorius</strong></span> <span class='ocrx_word' id='word_1_183' title='bbox 1058 2234 1325 2298; x_wconf 88' lang='lat' dir='ltr'><strong>episcopus</strong></span> <span class='ocrx_word' id='word_1_184' title='bbox 1363 2250 1402 2283; x_wconf 87' lang='lat' dir='ltr'><strong>s.</strong></span> <span class='ocrx_word' id='word_1_185' title='bbox 1440 2250 1482 2283; x_wconf 92' lang='lat' dir='ltr'><strong>s.</strong></span> <span class='ocrx_word' id='word_1_186' title='bbox 1520 2237 1569 2285; x_wconf 87' lang='lat' dir='ltr'><strong>d.</strong></span> <span class='ocrx_word' id='word_1_187' title='bbox 1607 2236 1796 2286; x_wconf 86' lang='lat' dir='ltr'><strong>dilecto</strong></span> <span class='ocrx_word' id='word_1_188' title='bbox 1832 2235 1940 2286; x_wconf 82' lang='lat' dir='ltr'><strong>filio</strong></span> <span class='ocrx_word' id='word_1_189' title='bbox 1973 2234 2245 2299; x_wconf 82' lang='lat' dir='ltr'><strong>‘Vguitioni</strong></span> <span class='ocrx_word' id='word_1_190' title='bbox 2280 2235 2498 2299; x_wconf 84' lang='lat' dir='ltr'><strong>plebano</strong></span> <span class='ocrx_word' id='word_1_191' title='bbox 2530 2233 2695 2299; x_wconf 89' lang='lat' dir='ltr'><strong>plebis</strong></span> <span class='ocrx_word' id='word_1_192' title='bbox 2724 2233 3006 2286; x_wconf 87' lang='lat' dir='ltr'><strong>deCastel-</strong></span> 
     </span>
     <span class='ocr_line' id='line_1_21' title="bbox 623 2316 3006 2386; baseline 0 -18"><span class='ocrx_word' id='word_1_193' title='bbox 623 2318 762 2369; x_wconf 90' lang='lat' dir='ltr'><strong>lione</strong></span> <span class='ocrx_word' id='word_1_194' title='bbox 796 2316 1013 2369; x_wconf 81' lang='lat' dir='ltr'><strong>Aretine</strong></span> <span class='ocrx_word' id='word_1_195' title='bbox 1048 2320 1284 2383; x_wconf 86' lang='lat' dir='ltr'><strong>diocesis,</strong></span> <span class='ocrx_word' id='word_1_196' title='bbox 1320 2320 1589 2386; x_wconf 89' lang='lat' dir='ltr'><strong>capellano</strong></span> <span class='ocrx_word' id='word_1_197' title='bbox 1626 2327 1822 2383; x_wconf 87' lang='lat' dir='ltr'><strong>nostro,</strong></span> <span class='ocrx_word' id='word_1_198' title='bbox 1854 2319 2118 2370; x_wconf 81' lang='lat' dir='ltr'><strong>collectori</strong></span> <span class='ocrx_word' id='word_1_199' title='bbox 2154 2320 2348 2370; x_wconf 88' lang='lat' dir='ltr'><strong>decime</strong></span> <span class='ocrx_word' id='word_1_200' title='bbox 2384 2327 2517 2370; x_wconf 87' lang='lat' dir='ltr'><strong>terre</strong></span> <span class='ocrx_word' id='word_1_201' title='bbox 2552 2326 2730 2369; x_wconf 85' lang='lat' dir='ltr'><strong>sancte</strong></span> <span class='ocrx_word' id='word_1_202' title='bbox 2764 2333 3006 2369; x_wconf 86' lang='lat' dir='ltr'><strong>concesse</strong></span> 
     </span>
     <span class='ocr_line' id='line_1_22' title="bbox 625 2403 3004 2470; baseline 0 -17"><span class='ocrx_word' id='word_1_203' title='bbox 625 2403 870 2465; x_wconf 87' lang='lat' dir='ltr'><strong>subsidio,</strong></span> <span class='ocrx_word' id='word_1_204' title='bbox 907 2404 1214 2456; x_wconf 87' lang='lat' dir='ltr'><strong>auctoritate</strong></span> <span class='ocrx_word' id='word_1_205' title='bbox 1248 2405 1535 2469; x_wconf 88' lang='lat' dir='ltr'><strong>apostolica</strong></span> <span class='ocrx_word' id='word_1_206' title='bbox 1569 2407 1837 2470; x_wconf 87' lang='lat' dir='ltr'><strong>deputato,</strong></span> <span class='ocrx_word' id='word_1_207' title='bbox 1854 2406 2074 2456; x_wconf 87' lang='lat' dir='ltr'><strong>salutem</strong></span> <span class='ocrx_word' id='word_1_208' title='bbox 2109 2406 2197 2456; x_wconf 70' lang='lat' dir='ltr'><strong>Soc.</strong></span> <span class='ocrx_word' id='word_1_209' title='bbox 2269 2405 2410 2457; x_wconf 87' lang='lat' dir='ltr'><strong>Olim</strong></span> <span class='ocrx_word' id='word_1_210' title='bbox 2425 2404 2511 2455; x_wconf 83' lang='lat' dir='ltr'><strong>fel.</strong></span> <span class='ocrx_word' id='word_1_211' title='bbox 2537 2405 2731 2455; x_wconf 86' lang='lat' dir='ltr'><strong>record.</strong></span> <span class='ocrx_word' id='word_1_212' title='bbox 2750 2403 3004 2454; x_wconf 87' lang='lat' dir='ltr'><strong>Martinus</strong></span> 
     </span>
     <span class='ocr_line' id='line_1_23' title="bbox 623 2487 3007 2554; baseline -0 -16"><span class='ocrx_word' id='word_1_213' title='bbox 623 2504 759 2554; x_wconf 90' lang='lat' dir='ltr'><strong>papa</strong></span> <span class='ocrx_word' id='word_1_214' title='bbox 794 2488 902 2552; x_wconf 89' lang='lat' dir='ltr'><strong>.iiij.</strong></span> <span class='ocrx_word' id='word_1_215' title='bbox 939 2491 1268 2553; x_wconf 85' lang='lat' dir='ltr'><strong>predecessor</strong></span> <span class='ocrx_word' id='word_1_216' title='bbox 1302 2498 1479 2541; x_wconf 89' lang='lat' dir='ltr'><strong>noster</strong></span> <span class='ocrx_word' id='word_1_217' title='bbox 1512 2492 1575 2541; x_wconf 88' lang='lat' dir='ltr'><strong>de</strong></span> <span class='ocrx_word' id='word_1_218' title='bbox 1611 2490 1918 2540; x_wconf 87' lang='lat' dir='ltr'><strong>discretione</strong></span> <span class='ocrx_word' id='word_1_219' title='bbox 1953 2490 2261 2542; x_wconf 88' lang='lat' dir='ltr'><strong>uenerabilis</strong></span> <span class='ocrx_word' id='word_1_220' title='bbox 2286 2489 2455 2540; x_wconf 81' lang='lat' dir='ltr'><strong>fratris</strong></span> <span class='ocrx_word' id='word_1_221' title='bbox 2478 2489 2645 2540; x_wconf 88' lang='lat' dir='ltr'><strong>nostri</strong></span> <span class='ocrx_word' id='word_1_222' title='bbox 2680 2523 2692 2537; x_wconf 91' lang='lat'><strong>.</strong></span> <span class='ocrx_word' id='word_1_223' title='bbox 2730 2524 2744 2537; x_wconf 89' lang='lat'><strong>.</strong></span> <span class='ocrx_word' id='word_1_224' title='bbox 2780 2487 3007 2554; x_wconf 88' lang='lat' dir='ltr'><strong>episcopi</strong></span> 
     </span>
     <span class='ocr_line' id='line_1_24' title="bbox 624 2572 3006 2640; baseline 0 -16"><span class='ocrx_word' id='word_1_225' title='bbox 624 2572 921 2624; x_wconf 81' lang='lat' dir='ltr'><strong>Arusiensis</strong></span> <span class='ocrx_word' id='word_1_226' title='bbox 956 2589 1137 2637; x_wconf 89' lang='lat' dir='ltr'><strong>gerens</strong></span> <span class='ocrx_word' id='word_1_227' title='bbox 1172 2574 1411 2626; x_wconf 89' lang='lat' dir='ltr'><strong>fiduciam</strong></span> <span class='ocrx_word' id='word_1_228' title='bbox 1446 2574 1738 2640; x_wconf 79' lang='lat' dir='ltr'><strong>specialem,</strong></span> <span class='ocrx_word' id='word_1_229' title='bbox 1775 2574 2130 2627; x_wconf 88' lang='lat' dir='ltr'><strong>collectionem</strong></span> <span class='ocrx_word' id='word_1_230' title='bbox 2168 2575 2363 2626; x_wconf 88' lang='lat' dir='ltr'><strong>decime</strong></span> <span class='ocrx_word' id='word_1_231' title='bbox 2398 2581 2450 2625; x_wconf 91' lang='lat' dir='ltr'><strong>et</strong></span> <span class='ocrx_word' id='word_1_232' title='bbox 2488 2574 2705 2624; x_wconf 90' lang='lat' dir='ltr'><strong>aliarum</strong></span> <span class='ocrx_word' id='word_1_233' title='bbox 2738 2572 3006 2624; x_wconf 89' lang='lat' dir='ltr'><strong>obuentio-</strong></span> 
     </span>
     <span class='ocr_line' id='line_1_25' title="bbox 623 2658 3004 2725; baseline -0.001 -15"><span class='ocrx_word' id='word_1_234' title='bbox 623 2674 750 2710; x_wconf 89' lang='lat' dir='ltr'><strong>num</strong></span> <span class='ocrx_word' id='word_1_235' title='bbox 783 2660 1144 2725; x_wconf 87' lang='lat' dir='ltr'><strong>deputatarum</strong></span> <span class='ocrx_word' id='word_1_236' title='bbox 1179 2668 1311 2712; x_wconf 90' lang='lat' dir='ltr'><strong>terre</strong></span> <span class='ocrx_word' id='word_1_237' title='bbox 1345 2668 1521 2712; x_wconf 88' lang='lat' dir='ltr'><strong>sancte</strong></span> <span class='ocrx_word' id='word_1_238' title='bbox 1556 2658 1785 2710; x_wconf 89' lang='lat' dir='ltr'><strong>subsidio</strong></span> <span class='ocrx_word' id='word_1_239' title='bbox 1819 2658 1873 2710; x_wconf 90' lang='lat' dir='ltr'><strong>in</strong></span> <span class='ocrx_word' id='word_1_240' title='bbox 1905 2659 2062 2710; x_wconf 87' lang='lat' dir='ltr'><strong>Datie</strong></span> <span class='ocrx_word' id='word_1_241' title='bbox 2098 2666 2150 2710; x_wconf 91' lang='lat' dir='ltr'><strong>et</strong></span> <span class='ocrx_word' id='word_1_242' title='bbox 2185 2659 2358 2712; x_wconf 76' lang='lat' dir='ltr'><strong>Suetie</strong></span> <span class='ocrx_word' id='word_1_243' title='bbox 2392 2660 2565 2724; x_wconf 86' lang='lat' dir='ltr'><strong>regnis</strong></span> <span class='ocrx_word' id='word_1_244' title='bbox 2601 2658 2697 2710; x_wconf 89' lang='lat' dir='ltr'><strong>sibi</strong></span> <span class='ocrx_word' id='word_1_245' title='bbox 2745 2673 2836 2724; x_wconf 90' lang='lat' dir='ltr'><strong>per</strong></span> <span class='ocrx_word' id='word_1_246' title='bbox 2885 2674 3004 2709; x_wconf 88' lang='lat' dir='ltr'><strong>suas</strong></span> 
     </span>
     <span class='ocr_line' id='line_1_26' title="bbox 625 2743 3004 2808; baseline 0 -14"><span class='ocrx_word' id='word_1_247' title='bbox 625 2743 720 2795; x_wconf 90' lang='lat' dir='ltr'><strong>sub</strong></span> <span class='ocrx_word' id='word_1_248' title='bbox 755 2752 896 2799; x_wconf 86' lang='lat' dir='ltr'><strong>certa</strong></span> <span class='ocrx_word' id='word_1_249' title='bbox 929 2745 1095 2797; x_wconf 83' lang='lat' dir='ltr'><strong>forma</strong></span> <span class='ocrx_word' id='word_1_250' title='bbox 1139 2746 1289 2797; x_wconf 87' lang='lat' dir='ltr'><strong>duxit</strong></span> <span class='ocrx_word' id='word_1_251' title='bbox 1344 2746 1543 2797; x_wconf 81' lang='lat' dir='ltr'><strong>litteras</strong></span> <span class='ocrx_word' id='word_1_252' title='bbox 1603 2746 2032 2796; x_wconf 88' lang='lat' dir='ltr'><strong>committendam.</strong></span> <span class='ocrx_word' id='word_1_253' title='bbox 2129 2745 2262 2798; x_wconf 89' lang='lat' dir='ltr'><strong>Cum</strong></span> <span class='ocrx_word' id='word_1_254' title='bbox 2319 2753 2493 2795; x_wconf 89' lang='lat' dir='ltr'><strong>autem</strong></span> <span class='ocrx_word' id='word_1_255' title='bbox 2548 2759 2643 2794; x_wconf 90' lang='lat' dir='ltr'><strong>nos</strong></span> <span class='ocrx_word' id='word_1_256' title='bbox 2695 2745 2746 2794; x_wconf 91' lang='lat' dir='ltr'><strong>in</strong></span> <span class='ocrx_word' id='word_1_257' title='bbox 2797 2745 3004 2808; x_wconf 89' lang='lat' dir='ltr'><strong>negotio</strong></span> 
     </span>
     <span class='ocr_line' id='line_1_27' title="bbox 624 2827 3004 2895; baseline 0 -17"><span class='ocrx_word' id='word_1_258' title='bbox 624 2827 917 2880; x_wconf 89' lang='lat' dir='ltr'><strong>huiusmodi</strong></span> <span class='ocrx_word' id='word_1_259' title='bbox 951 2830 1146 2883; x_wconf 87' lang='lat' dir='ltr'><strong>decime</strong></span> <span class='ocrx_word' id='word_1_260' title='bbox 1181 2838 1234 2881; x_wconf 89' lang='lat' dir='ltr'><strong>et</strong></span> <span class='ocrx_word' id='word_1_261' title='bbox 1268 2831 1632 2882; x_wconf 88' lang='lat' dir='ltr'><strong>obuentionum</strong></span> <span class='ocrx_word' id='word_1_262' title='bbox 1666 2830 1718 2879; x_wconf 88' lang='lat' dir='ltr'><strong>in</strong></span> <span class='ocrx_word' id='word_1_263' title='bbox 1752 2828 1945 2880; x_wconf 89' lang='lat' dir='ltr'><strong>eisdem</strong></span> <span class='ocrx_word' id='word_1_264' title='bbox 1989 2830 2159 2894; x_wconf 89' lang='lat' dir='ltr'><strong>regnis</strong></span> <span class='ocrx_word' id='word_1_265' title='bbox 2206 2830 2612 2894; x_wconf 88' lang='lat' dir='ltr'><strong>colligendarum</strong></span> <span class='ocrx_word' id='word_1_266' title='bbox 2664 2836 2714 2879; x_wconf 92' lang='lat' dir='ltr'><strong>te</strong></span> <span class='ocrx_word' id='word_1_267' title='bbox 2766 2828 3004 2895; x_wconf 90' lang='lat' dir='ltr'><strong>episcopo</strong></span> 
     </span>
     <span class='ocr_line' id='line_1_28' title="bbox 623 2913 3005 2981; baseline 0 -17"><span class='ocrx_word' id='word_1_268' title='bbox 623 2913 829 2978; x_wconf 76' lang='lat' dir='ltr'><strong>prefato</strong></span> <span class='ocrx_word' id='word_1_269' title='bbox 863 2916 1171 2966; x_wconf 89' lang='lat' dir='ltr'><strong>anctoritate</strong></span> <span class='ocrx_word' id='word_1_270' title='bbox 1206 2916 1499 2981; x_wconf 89' lang='lat' dir='ltr'><strong>apostoliea</strong></span> <span class='ocrx_word' id='word_1_271' title='bbox 1532 2916 1886 2978; x_wconf 84' lang='lat' dir='ltr'><strong>subrogantes,</strong></span> <span class='ocrx_word' id='word_1_272' title='bbox 1921 2930 2012 2980; x_wconf 90' lang='lat' dir='ltr'><strong>per</strong></span> <span class='ocrx_word' id='word_1_273' title='bbox 2044 2922 2247 2965; x_wconf 89' lang='lat' dir='ltr'><strong>nostras</strong></span> <span class='ocrx_word' id='word_1_274' title='bbox 2283 2916 2376 2964; x_wconf 90' lang='lat' dir='ltr'><strong>tibi</strong></span> <span class='ocrx_word' id='word_1_275' title='bbox 2422 2913 2654 2964; x_wconf 88' lang='lat' dir='ltr'><strong>dedimus</strong></span> <span class='ocrx_word' id='word_1_276' title='bbox 2705 2914 2901 2965; x_wconf 85' lang='lat' dir='ltr'><strong>litteras</strong></span> <span class='ocrx_word' id='word_1_277' title='bbox 2953 2916 3005 2964; x_wconf 91' lang='lat' dir='ltr'><strong>in</strong></span> 
     </span>
     <span class='ocr_line' id='line_1_29' title="bbox 625 2999 3006 3065; baseline 0 -16"><span class='ocrx_word' id='word_1_278' title='bbox 625 2999 895 3060; x_wconf 86' lang='lat' dir='ltr'><strong>mandatis,</strong></span> <span class='ocrx_word' id='word_1_279' title='bbox 930 3008 989 3050; x_wconf 91' lang='lat' dir='ltr'><strong>ut</strong></span> <span class='ocrx_word' id='word_1_280' title='bbox 1022 3001 1088 3050; x_wconf 88' lang='lat' dir='ltr'><strong>ad</strong></span> <span class='ocrx_word' id='word_1_281' title='bbox 1122 3008 1294 3065; x_wconf 86' lang='lat' dir='ltr'><strong>partes</strong></span> <span class='ocrx_word' id='word_1_282' title='bbox 1330 3015 1607 3065; x_wconf 89' lang='lat' dir='ltr'><strong>regnorum</strong></span> <span class='ocrx_word' id='word_1_283' title='bbox 1642 2999 1869 3061; x_wconf 84' lang='lat' dir='ltr'><strong>ipsorum</strong></span> <span class='ocrx_word' id='word_1_284' title='bbox 1905 3008 1955 3050; x_wconf 89' lang='lat' dir='ltr'><strong>te</strong></span> <span class='ocrx_word' id='word_1_285' title='bbox 2000 3000 2340 3065; x_wconf 86' lang='lat' dir='ltr'><strong>personaliter</strong></span> <span class='ocrx_word' id='word_1_286' title='bbox 2388 2999 2657 3050; x_wconf 89' lang='lat' dir='ltr'><strong>conferens</strong></span> <span class='ocrx_word' id='word_1_287' title='bbox 2713 2999 2769 3048; x_wconf 90' lang='lat' dir='ltr'><strong>in</strong></span> <span class='ocrx_word' id='word_1_288' title='bbox 2824 3001 3006 3050; x_wconf 89' lang='lat' dir='ltr'><strong>eodem</strong></span> 
     </span>
     <span class='ocr_line' id='line_1_30' title="bbox 627 3082 3003 3151; baseline 0 -18"><span class='ocrx_word' id='word_1_289' title='bbox 627 3083 837 3148; x_wconf 92' lang='lat' dir='ltr'><strong>negotio</strong></span> <span class='ocrx_word' id='word_1_290' title='bbox 872 3084 1021 3136; x_wconf 86' lang='lat' dir='ltr'><strong>iuxta</strong></span> <span class='ocrx_word' id='word_1_291' title='bbox 1055 3094 1287 3136; x_wconf 88' lang='lat' dir='ltr'><strong>tenorem</strong></span> <span class='ocrx_word' id='word_1_292' title='bbox 1320 3086 1606 3135; x_wconf 87' lang='lat' dir='ltr'><strong>litterarum</strong></span> <span class='ocrx_word' id='word_1_293' title='bbox 1641 3085 1763 3134; x_wconf 91' lang='lat' dir='ltr'><strong>dicti</strong></span> <span class='ocrx_word' id='word_1_294' title='bbox 1799 3085 2175 3149; x_wconf 83' lang='lat' dir='ltr'><strong>predecessoris</strong></span> <span class='ocrx_word' id='word_1_295' title='bbox 2211 3101 2365 3151; x_wconf 89' lang='lat' dir='ltr'><strong>super</strong></span> <span class='ocrx_word' id='word_1_296' title='bbox 2397 3086 2497 3136; x_wconf 90' lang='lat' dir='ltr'><strong>hoc</strong></span> <span class='ocrx_word' id='word_1_297' title='bbox 2548 3084 2714 3135; x_wconf 88' lang='lat' dir='ltr'><strong>eidem</strong></span> <span class='ocrx_word' id='word_1_298' title='bbox 2762 3082 3003 3148; x_wconf 87' lang='lat' dir='ltr'><strong>episcopo</strong></span> 
     </span>
     <span class='ocr_line' id='line_1_31' title="bbox 628 3156 3004 3235; baseline 0 -18"><span class='ocrx_word' id='word_1_299' title='bbox 628 3169 934 3219; x_wconf 89' lang='lat' dir='ltr'><strong>directarum</strong></span> <span class='ocrx_word' id='word_1_300' title='bbox 969 3172 1242 3235; x_wconf 89' lang='lat' dir='ltr'><strong>procedere</strong></span> <span class='ocrx_word' id='word_1_301' title='bbox 1278 3172 1486 3220; x_wconf 83' lang='lat' dir='ltr'><strong>studeas</strong></span> <span class='ocrx_word' id='word_1_302' title='bbox 1515 3170 1802 3234; x_wconf 88' lang='lat' dir='ltr'><strong>diligenter,</strong></span> <span class='ocrx_word' id='word_1_303' title='bbox 1822 3171 1889 3219; x_wconf 91' lang='lat' dir='ltr'><strong>ad</strong></span> <span class='ocrx_word' id='word_1_304' title='bbox 1907 3170 2293 3221; x_wconf 87' lang='lat' dir='ltr'><strong>instructionem</strong></span> <span class='ocrx_word' id='word_1_305' title='bbox 2311 3156 2700 3220; x_wconf 86' lang='lat' dir='ltr'><strong>tuamtenorem</strong></span> <span class='ocrx_word' id='word_1_306' title='bbox 2718 3168 3004 3218; x_wconf 88' lang='lat' dir='ltr'><strong>litterarum</strong></span> 
     </span>
     <span class='ocr_line' id='line_1_32' title="bbox 625 3252 3005 3320; baseline 0 -19"><span class='ocrx_word' id='word_1_307' title='bbox 625 3252 852 3317; x_wconf 89' lang='lat' dir='ltr'><strong>ipsarum</strong></span> <span class='ocrx_word' id='word_1_308' title='bbox 887 3254 951 3303; x_wconf 90' lang='lat' dir='ltr'><strong>de</strong></span> <span class='ocrx_word' id='word_1_309' title='bbox 985 3262 1216 3318; x_wconf 89' lang='lat' dir='ltr'><strong>regestro</strong></span> <span class='ocrx_word' id='word_1_310' title='bbox 1253 3254 1479 3306; x_wconf 88' lang='lat' dir='ltr'><strong>eiusdem</strong></span> <span class='ocrx_word' id='word_1_311' title='bbox 1515 3255 1890 3319; x_wconf 86' lang='lat' dir='ltr'><strong>predecessoris</strong></span> <span class='ocrx_word' id='word_1_312' title='bbox 1925 3256 2088 3306; x_wconf 88' lang='lat' dir='ltr'><strong>nostri</strong></span> <span class='ocrx_word' id='word_1_313' title='bbox 2122 3264 2379 3320; x_wconf 89' lang='lat' dir='ltr'><strong>sumptum</strong></span> <span class='ocrx_word' id='word_1_314' title='bbox 2415 3255 2478 3304; x_wconf 89' lang='lat' dir='ltr'><strong>de</strong></span> <span class='ocrx_word' id='word_1_315' title='bbox 2513 3254 2672 3304; x_wconf 87' lang='lat' dir='ltr'><strong>uerbo</strong></span> <span class='ocrx_word' id='word_1_316' title='bbox 2701 3254 2766 3303; x_wconf 97' lang='lat' dir='ltr'><strong>ad</strong></span> <span class='ocrx_word' id='word_1_317' title='bbox 2790 3252 3005 3303; x_wconf 88' lang='lat' dir='ltr'><strong>uerbum</strong></span> 
     </span>
     <span class='ocr_line' id='line_1_33' title="bbox 626 3336 3005 3405; baseline 0 -20"><span class='ocrx_word' id='word_1_318' title='bbox 626 3337 946 3399; x_wconf 88' lang='lat' dir='ltr'><strong>presentibus</strong></span> <span class='ocrx_word' id='word_1_319' title='bbox 981 3338 1192 3390; x_wconf 80' lang='lat' dir='ltr'><strong>fecimus</strong></span> <span class='ocrx_word' id='word_1_320' title='bbox 1227 3342 1474 3402; x_wconf 88' lang='lat' dir='ltr'><strong>annotari,</strong></span> <span class='ocrx_word' id='word_1_321' title='bbox 1493 3340 1577 3404; x_wconf 87' lang='lat' dir='ltr'><strong>qui</strong></span> <span class='ocrx_word' id='word_1_322' title='bbox 1614 3339 1732 3390; x_wconf 87' lang='lat' dir='ltr'><strong>talis</strong></span> <span class='ocrx_word' id='word_1_323' title='bbox 1767 3347 1862 3390; x_wconf 89' lang='lat' dir='ltr'><strong>est.</strong></span> <span class='ocrx_word' id='word_1_324' title='bbox 1882 3363 1943 3372; x_wconf 93' lang='lat'>—</span> <span class='ocrx_word' id='word_1_325' title='bbox 1963 3338 2217 3390; x_wconf 90' lang='lat' dir='ltr'><strong>Martinus</strong></span> <span class='ocrx_word' id='word_1_326' title='bbox 2254 3341 2523 3405; x_wconf 89' lang='lat' dir='ltr'><strong>episcopus</strong></span> <span class='ocrx_word' id='word_1_327' title='bbox 2559 3344 2659 3388; x_wconf 89' lang='lat' dir='ltr'><strong>etc.</strong></span> <span class='ocrx_word' id='word_1_328' title='bbox 2695 3336 2828 3396; x_wconf 82' lang='lat' dir='ltr'><strong>(Her</strong></span> <span class='ocrx_word' id='word_1_329' title='bbox 2840 3336 3005 3401; x_wconf 77' lang='lat' dir='ltr'><strong>folyer</strong></span> 
     </span>
     <span class='ocr_line' id='line_1_34' title="bbox 628 3419 3009 3489; baseline 0.001 -19"><span class='ocrx_word' id='word_1_330' title='bbox 628 3419 816 3471; x_wconf 80' lang='lat' dir='ltr'><strong>Brevet</strong></span> <span class='ocrx_word' id='word_1_331' title='bbox 849 3419 948 3472; x_wconf 91' lang='lat' dir='ltr'><strong>No.</strong></span> <span class='ocrx_word' id='word_1_332' title='bbox 985 3421 1082 3485; x_wconf 81' lang='lat'><strong>30,</strong></span> <span class='ocrx_word' id='word_1_333' title='bbox 1117 3425 1189 3488; x_wconf 83' lang='lat' dir='ltr'><strong>af</strong></span> <span class='ocrx_word' id='word_1_334' title='bbox 1211 3423 1317 3474; x_wconf 83' lang='lat' dir='ltr'><strong>Iste</strong></span> <span class='ocrx_word' id='word_1_335' title='bbox 1359 3422 1560 3475; x_wconf 81' lang='lat' dir='ltr'><strong>October</strong></span> <span class='ocrx_word' id='word_1_336' title='bbox 1594 3420 1781 3483; x_wconf 81' lang='lat'><strong>1282).</strong></span> <span class='ocrx_word' id='word_1_337' title='bbox 1802 3447 1866 3456; x_wconf 92' lang='lat'><strong>—-</strong></span> <span class='ocrx_word' id='word_1_338' title='bbox 1893 3424 2091 3475; x_wconf 90' lang='lat' dir='ltr'><strong>Datum</strong></span> <span class='ocrx_word' id='word_1_339' title='bbox 2125 3425 2289 3475; x_wconf 88' lang='lat' dir='ltr'><strong>Rome</strong></span> <span class='ocrx_word' id='word_1_340' title='bbox 2324 3424 2461 3489; x_wconf 90' lang='lat' dir='ltr'><strong>apud</strong></span> <span class='ocrx_word' id='word_1_341' title='bbox 2498 3431 2729 3473; x_wconf 87' lang='lat' dir='ltr'><strong>sanctam</strong></span> <span class='ocrx_word' id='word_1_342' title='bbox 2763 3421 3009 3473; x_wconf 89' lang='lat' dir='ltr'><strong>Sabinam</strong></span> 
     </span>
    </p>
   </div>
   <div class='ocr_carea' id='block_1_6' title="bbox 631 3505 2317 3642">
    <p class='ocr_par' dir='ltr' id='par_1_6' title="bbox 631 3505 2317 3642">
     <span class='ocr_line' id='line_1_35' title="bbox 631 3505 1839 3574; baseline 0.002 -19"><span class='ocrx_word' id='word_1_343' title='bbox 631 3505 720 3569; x_wconf 90' lang='lat' dir='ltr'><strong>.iij.</strong></span> <span class='ocrx_word' id='word_1_344' title='bbox 757 3507 861 3557; x_wconf 86' lang='lat' dir='ltr'><strong>kal.</strong></span> <span class='ocrx_word' id='word_1_345' title='bbox 896 3506 1073 3571; x_wconf 83' lang='lat' dir='ltr'><strong>Martij</strong></span> <span class='ocrx_word' id='word_1_346' title='bbox 1111 3516 1254 3573; x_wconf 88' lang='lat' dir='ltr'><strong>pout.</strong></span> <span class='ocrx_word' id='word_1_347' title='bbox 1292 3512 1453 3560; x_wconf 88' lang='lat' dir='ltr'><strong>nostri</strong></span> <span class='ocrx_word' id='word_1_348' title='bbox 1490 3524 1624 3559; x_wconf 84' lang='lat' dir='ltr'><strong>anno</strong></span> <span class='ocrx_word' id='word_1_349' title='bbox 1657 3509 1839 3574; x_wconf 89' lang='lat' dir='ltr'><strong>primo.</strong></span> 
     </span>
     <span class='ocr_line' id='line_1_36' title="bbox 1326 3589 2317 3642; baseline -0.002 -12"><span class='ocrx_word' id='word_1_350' title='bbox 1326 3591 1457 3639; x_wconf 74' lang='lat' dir='ltr'><strong>(Ar-ch.</strong></span> <span class='ocrx_word' id='word_1_351' title='bbox 1485 3592 1570 3633; x_wconf 84' lang='lat' dir='ltr'><strong>Vat.</strong></span> <span class='ocrx_word' id='word_1_352' title='bbox 1596 3593 1689 3640; x_wconf 75' lang='lat' dir='ltr'><strong>neg.</strong></span> <span class='ocrx_word' id='word_1_353' title='bbox 1717 3593 1856 3634; x_wconf 74' lang='lat' dir='ltr'><strong>Honor.</strong></span> <span class='ocrx_word' id='word_1_354' title='bbox 1885 3593 1944 3634; x_wconf 80' lang='lat' dir='ltr'><strong>lv,</strong></span> <span class='ocrx_word' id='word_1_355' title='bbox 1974 3604 2036 3631; x_wconf 80' lang='lat' dir='ltr'><strong>aa.</strong></span> <span class='ocrx_word' id='word_1_356' title='bbox 2067 3593 2095 3635; x_wconf 85' lang='grc' dir='ltr'><strong>Ι.</strong></span> <span class='ocrx_word' id='word_1_357' title='bbox 2124 3605 2182 3642; x_wconf 86' lang='lat' dir='ltr'><strong>ep.</strong></span> <span class='ocrx_word' id='word_1_358' title='bbox 2210 3589 2317 3634; x_wconf 74' lang='lat'><strong>351).</strong></span> 
     </span>
    </p>
   </div>
   <div class='ocr_carea' id='block_1_7' title="bbox 1383 3816 2260 3894">
    <p class='ocr_par' dir='ltr' id='par_1_7' title="bbox 1383 3816 2260 3894">
     <span class='ocr_line' id='line_1_37' title="bbox 1383 3816 2260 3894; baseline 0.001 -19"><span class='ocrx_word' id='word_1_359' title='bbox 1383 3819 1481 3876; x_wconf 86' lang='lat'><strong>45.</strong></span> <span class='ocrx_word' id='word_1_360' title='bbox 1577 3819 1756 3877; x_wconf 82' lang='lat'><strong>1290.</strong></span> <span class='ocrx_word' id='word_1_361' title='bbox 1849 3816 1962 3875; x_wconf 88' lang='lat' dir='ltr'><strong>7de</strong></span> <span class='ocrx_word' id='word_1_362' title='bbox 2005 3818 2260 3894; x_wconf 88' lang='lat' dir='ltr'><strong>August.</strong></span> 
     </span>
    </p>
   </div>
   <div class='ocr_carea' id='block_1_8' title="bbox 627 3931 3010 4760">
    <p class='ocr_par' dir='ltr' id='par_1_8' title="bbox 627 3931 3010 4760">
     <span class='ocr_line' id='line_1_38' title="bbox 762 3931 3009 3998; baseline -0.002 -14"><span class='ocrx_word' id='word_1_363' title='bbox 762 3934 1009 3984; x_wconf 82' lang='lat' dir='ltr'><strong>Nicolaus</strong></span> <span class='ocrx_word' id='word_1_364' title='bbox 1046 3932 1315 3998; x_wconf 88' lang='lat' dir='ltr'><strong>episcopus</strong></span> <span class='ocrx_word' id='word_1_365' title='bbox 1361 3949 1402 3984; x_wconf 87' lang='lat' dir='ltr'><strong>s.</strong></span> <span class='ocrx_word' id='word_1_366' title='bbox 1451 3950 1490 3984; x_wconf 89' lang='lat' dir='ltr'><strong>s.</strong></span> <span class='ocrx_word' id='word_1_367' title='bbox 1537 3935 1583 3983; x_wconf 89' lang='lat' dir='ltr'><strong>d.</strong></span> <span class='ocrx_word' id='word_1_368' title='bbox 1638 3932 1913 3983; x_wconf 82' lang='lat' dir='ltr'><strong>venerabili</strong></span> <span class='ocrx_word' id='word_1_369' title='bbox 1968 3931 2114 3982; x_wconf 84' lang='lat' dir='ltr'><strong>fratri</strong></span> <span class='ocrx_word' id='word_1_370' title='bbox 2162 3969 2174 3981; x_wconf 92' lang='lat'><strong>.</strong></span> <span class='ocrx_word' id='word_1_371' title='bbox 2230 3968 2242 3982; x_wconf 91' lang='lat'><strong>.</strong></span> <span class='ocrx_word' id='word_1_372' title='bbox 2302 3932 2687 3997; x_wconf 87' lang='lat' dir='ltr'><strong>archiepiscopo</strong></span> <span class='ocrx_word' id='word_1_373' title='bbox 2740 3931 3009 3982; x_wconf 87' lang='lat' dir='ltr'><strong>Bremensi</strong></span> 
     </span>
     <span class='ocr_line' id='line_1_39' title="bbox 629 4016 3009 4084; baseline -0.001 -16"><span class='ocrx_word' id='word_1_374' title='bbox 629 4018 847 4069; x_wconf 89' lang='lat' dir='ltr'><strong>salutem</strong></span> <span class='ocrx_word' id='word_1_375' title='bbox 882 4027 933 4068; x_wconf 91' lang='lat' dir='ltr'><strong>et</strong></span> <span class='ocrx_word' id='word_1_376' title='bbox 985 4019 1321 4084; x_wconf 89' lang='lat' dir='ltr'><strong>apostolicam</strong></span> <span class='ocrx_word' id='word_1_377' title='bbox 1370 4019 1797 4069; x_wconf 89' lang='lat' dir='ltr'><strong>benedictionem.</strong></span> <span class='ocrx_word' id='word_1_378' title='bbox 1884 4017 1987 4066; x_wconf 83' lang='lat' dir='ltr'><strong>Ex·</strong></span> <span class='ocrx_word' id='word_1_379' title='bbox 2024 4025 2170 4082; x_wconf 87' lang='lat' dir='ltr'><strong>parte</strong></span> <span class='ocrx_word' id='word_1_380' title='bbox 2222 4017 2528 4068; x_wconf 90' lang='lat' dir='ltr'><strong>dilectorum</strong></span> <span class='ocrx_word' id='word_1_381' title='bbox 2575 4017 2798 4067; x_wconf 88' lang='lat' dir='ltr'><strong>filiorum</strong></span> <span class='ocrx_word' id='word_1_382' title='bbox 2855 4016 3009 4066; x_wconf 89' lang='lat' dir='ltr'><strong>Bindi</strong></span> 
     </span>
     <span class='ocr_line' id='line_1_40' title="bbox 627 4100 3010 4168; baseline -0.002 -15"><span class='ocrx_word' id='word_1_383' title='bbox 627 4103 805 4166; x_wconf 88' lang='lat' dir='ltr'><strong>Mactij</strong></span> <span class='ocrx_word' id='word_1_384' title='bbox 845 4105 908 4154; x_wconf 90' lang='lat' dir='ltr'><strong>de</strong></span> <span class='ocrx_word' id='word_1_385' title='bbox 942 4103 1141 4153; x_wconf 87' lang='lat' dir='ltr'><strong>Thorne</strong></span> <span class='ocrx_word' id='word_1_386' title='bbox 1178 4103 1417 4168; x_wconf 89' lang='lat' dir='ltr'><strong>Spilliati‚</strong></span> <span class='ocrx_word' id='word_1_387' title='bbox 1454 4112 1506 4153; x_wconf 90' lang='lat' dir='ltr'><strong>et</strong></span> <span class='ocrx_word' id='word_1_388' title='bbox 1537 4103 1668 4167; x_wconf 86' lang='lat' dir='ltr'><strong>Lapi</strong></span> <span class='ocrx_word' id='word_1_389' title='bbox 1703 4102 1943 4166; x_wconf 88' lang='lat' dir='ltr'><strong>Hugonis</strong></span> <span class='ocrx_word' id='word_1_390' title='bbox 1979 4102 2152 4167; x_wconf 86' lang='lat' dir='ltr'><strong>Spine,</strong></span> <span class='ocrx_word' id='word_1_391' title='bbox 2189 4118 2250 4152; x_wconf 89' lang='lat' dir='ltr'><strong>ac</strong></span> <span class='ocrx_word' id='word_1_392' title='bbox 2284 4101 2545 4165; x_wconf 88' lang='lat' dir='ltr'><strong>Ambrosij</strong></span> <span class='ocrx_word' id='word_1_393' title='bbox 2585 4100 2773 4152; x_wconf 80' lang='lat' dir='ltr'><strong>Juncte</strong></span> <span class='ocrx_word' id='word_1_394' title='bbox 2810 4102 2873 4152; x_wconf 92' lang='lat' dir='ltr'><strong>de</strong></span> <span class='ocrx_word' id='word_1_395' title='bbox 2917 4100 3010 4150; x_wconf 87' lang='lat' dir='ltr'><strong>Al-</strong></span> 
     </span>
     <span class='ocr_line' id='line_1_41' title="bbox 627 4185 3010 4250; baseline -0.002 -12"><span class='ocrx_word' id='word_1_396' title='bbox 627 4188 863 4238; x_wconf 87' lang='lat' dir='ltr'><strong>fanorum</strong></span> <span class='ocrx_word' id='word_1_397' title='bbox 898 4188 1227 4239; x_wconf 89' lang='lat' dir='ltr'><strong>societatibus</strong></span> <span class='ocrx_word' id='word_1_398' title='bbox 1262 4189 1450 4239; x_wconf 90' lang='lat' dir='ltr'><strong>ciuium</strong></span> <span class='ocrx_word' id='word_1_399' title='bbox 1486 4197 1538 4239; x_wconf 90' lang='lat' dir='ltr'><strong>et</strong></span> <span class='ocrx_word' id='word_1_400' title='bbox 1569 4196 1911 4238; x_wconf 87' lang='lat' dir='ltr'><strong>mercatorum</strong></span> <span class='ocrx_word' id='word_1_401' title='bbox 1928 4188 2362 4248; x_wconf 83' lang='lat' dir='ltr'><strong>Florentinorum,</strong></span> <span class='ocrx_word' id='word_1_402' title='bbox 2396 4185 2494 4236; x_wconf 83' lang='lat' dir='ltr'><strong>fuit</strong></span> <span class='ocrx_word' id='word_1_403' title='bbox 2527 4186 2817 4250; x_wconf 85' lang='lat' dir='ltr'><strong>expositum</strong></span> <span class='ocrx_word' id='word_1_404' title='bbox 2835 4201 3010 4235; x_wconf 88' lang='lat' dir='ltr'><strong>coram</strong></span> 
     </span>
     <span class='ocr_line' id='line_1_42' title="bbox 629 4269 3009 4338; baseline -0.002 -15"><span class='ocrx_word' id='word_1_405' title='bbox 629 4273 793 4336; x_wconf 90' lang='lat' dir='ltr'><strong>nobis,</strong></span> <span class='ocrx_word' id='word_1_406' title='bbox 828 4274 964 4337; x_wconf 89' lang='lat' dir='ltr'><strong>quod</strong></span> <span class='ocrx_word' id='word_1_407' title='bbox 999 4288 1114 4323; x_wconf 90' lang='lat' dir='ltr'><strong>cum</strong></span> <span class='ocrx_word' id='word_1_408' title='bbox 1149 4273 1245 4338; x_wconf 91' lang='lat' dir='ltr'><strong>ipsi</strong></span> <span class='ocrx_word' id='word_1_409' title='bbox 1281 4275 1472 4324; x_wconf 89' lang='lat' dir='ltr'><strong>dudum</strong></span> <span class='ocrx_word' id='word_1_410' title='bbox 1507 4275 1764 4338; x_wconf 88' lang='lat' dir='ltr'><strong>quondam</strong></span> <span class='ocrx_word' id='word_1_411' title='bbox 1797 4271 2101 4322; x_wconf 89' lang='lat' dir='ltr'><strong>Manninum</strong></span> <span class='ocrx_word' id='word_1_412' title='bbox 2117 4273 2345 4323; x_wconf 89' lang='lat' dir='ltr'><strong>Bonrote</strong></span> <span class='ocrx_word' id='word_1_413' title='bbox 2375 4278 2426 4321; x_wconf 89' lang='lat' dir='ltr'><strong>et</strong></span> <span class='ocrx_word' id='word_1_414' title='bbox 2443 4269 2655 4322; x_wconf 84' lang='lat' dir='ltr'><strong>Gutium</strong></span> <span class='ocrx_word' id='word_1_415' title='bbox 2672 4269 2813 4320; x_wconf 89' lang='lat' dir='ltr'><strong>Petri</strong></span> <span class='ocrx_word' id='word_1_416' title='bbox 2831 4285 3009 4320; x_wconf 89' lang='lat' dir='ltr'><strong>eorum</strong></span> 
     </span>
     <span class='ocr_line' id='line_1_43' title="bbox 628 4355 3009 4423; baseline -0.002 -15"><span class='ocrx_word' id='word_1_417' title='bbox 628 4359 798 4409; x_wconf 90' lang='lat' dir='ltr'><strong>socios</strong></span> <span class='ocrx_word' id='word_1_418' title='bbox 857 4367 909 4408; x_wconf 90' lang='lat' dir='ltr'><strong>et</strong></span> <span class='ocrx_word' id='word_1_419' title='bbox 959 4361 1200 4408; x_wconf 85' lang='lat' dir='ltr'><strong>concines</strong></span> <span class='ocrx_word' id='word_1_420' title='bbox 1258 4373 1350 4423; x_wconf 89' lang='lat' dir='ltr'><strong>pro</strong></span> <span class='ocrx_word' id='word_1_421' title='bbox 1402 4359 1692 4423; x_wconf 88' lang='lat' dir='ltr'><strong>recipienda</strong></span> <span class='ocrx_word' id='word_1_422' title='bbox 1741 4358 1961 4420; x_wconf 88' lang='lat' dir='ltr'><strong>pecunia</strong></span> <span class='ocrx_word' id='word_1_423' title='bbox 2013 4357 2206 4406; x_wconf 90' lang='lat' dir='ltr'><strong>decime</strong></span> <span class='ocrx_word' id='word_1_424' title='bbox 2257 4365 2387 4406; x_wconf 87' lang='lat' dir='ltr'><strong>terre</strong></span> <span class='ocrx_word' id='word_1_425' title='bbox 2440 4363 2617 4405; x_wconf 86' lang='lat' dir='ltr'><strong>sancte</strong></span> <span class='ocrx_word' id='word_1_426' title='bbox 2651 4371 2683 4404; x_wconf 89' lang='lat' dir='ltr'><strong>a</strong></span> <span class='ocrx_word' id='word_1_427' title='bbox 2719 4390 2731 4402; x_wconf 90' lang='lat'><strong>.</strong></span> <span class='ocrx_word' id='word_1_428' title='bbox 2772 4391 2783 4403; x_wconf 96' lang='lat'><strong>.</strong></span> <span class='ocrx_word' id='word_1_429' title='bbox 2821 4355 3009 4404; x_wconf 90' lang='lat' dir='ltr'><strong>collec-</strong></span> 
     </span>
     <span class='ocr_line' id='line_1_44' title="bbox 629 4439 3007 4508; baseline -0.003 -14"><span class='ocrx_word' id='word_1_430' title='bbox 629 4452 740 4494; x_wconf 90' lang='lat' dir='ltr'><strong>tore</strong></span> <span class='ocrx_word' id='word_1_431' title='bbox 776 4443 936 4508; x_wconf 88' lang='lat' dir='ltr'><strong>ipsius</strong></span> <span class='ocrx_word' id='word_1_432' title='bbox 973 4445 1165 4493; x_wconf 90' lang='lat' dir='ltr'><strong>decime</strong></span> <span class='ocrx_word' id='word_1_433' title='bbox 1200 4445 1253 4493; x_wconf 92' lang='lat' dir='ltr'><strong>in</strong></span> <span class='ocrx_word' id='word_1_434' title='bbox 1287 4442 1534 4506; x_wconf 81' lang='lat' dir='ltr'><strong>Norweye</strong></span> <span class='ocrx_word' id='word_1_435' title='bbox 1570 4442 1802 4506; x_wconf 89' lang='lat' dir='ltr'><strong>partibus</strong></span> <span class='ocrx_word' id='word_1_436' title='bbox 1852 4456 1945 4507; x_wconf 89' lang='lat' dir='ltr'><strong>per</strong></span> <span class='ocrx_word' id='word_1_437' title='bbox 1994 4443 2168 4492; x_wconf 89' lang='lat' dir='ltr'><strong>sedem</strong></span> <span class='ocrx_word' id='word_1_438' title='bbox 2219 4440 2559 4506; x_wconf 86' lang='lat' dir='ltr'><strong>apostolicam</strong></span> <span class='ocrx_word' id='word_1_439' title='bbox 2616 4440 2882 4504; x_wconf 86' lang='lat' dir='ltr'><strong>deputato,</strong></span> <span class='ocrx_word' id='word_1_440' title='bbox 2942 4439 3007 4488; x_wconf 88' lang='lat' dir='ltr'><strong>ad</strong></span> 
     </span>
     <span class='ocr_line' id='line_1_45' title="bbox 628 4523 3009 4592; baseline -0.002 -15"><span class='ocrx_word' id='word_1_441' title='bbox 628 4535 800 4592; x_wconf 87' lang='lat' dir='ltr'><strong>partes</strong></span> <span class='ocrx_word' id='word_1_442' title='bbox 832 4527 972 4591; x_wconf 88' lang='lat' dir='ltr'><strong>ipsas</strong></span> <span class='ocrx_word' id='word_1_443' title='bbox 1005 4527 1277 4589; x_wconf 86' lang='lat' dir='ltr'><strong>misissent,</strong></span> <span class='ocrx_word' id='word_1_444' title='bbox 1313 4541 1373 4577; x_wconf 91' lang='lat' dir='ltr'><strong>ac</strong></span> <span class='ocrx_word' id='word_1_445' title='bbox 1408 4527 1565 4589; x_wconf 89' lang='lat' dir='ltr'><strong>ijdem</strong></span> <span class='ocrx_word' id='word_1_446' title='bbox 1598 4526 1876 4576; x_wconf 86' lang='lat' dir='ltr'><strong>Manninus</strong></span> <span class='ocrx_word' id='word_1_447' title='bbox 1912 4533 1965 4576; x_wconf 89' lang='lat' dir='ltr'><strong>et</strong></span> <span class='ocrx_word' id='word_1_448' title='bbox 1999 4525 2183 4576; x_wconf 88' lang='lat' dir='ltr'><strong>Gutius</strong></span> <span class='ocrx_word' id='word_1_449' title='bbox 2234 4540 2350 4576; x_wconf 89' lang='lat' dir='ltr'><strong>cum</strong></span> <span class='ocrx_word' id='word_1_450' title='bbox 2402 4540 2508 4575; x_wconf 91' lang='lat' dir='ltr'><strong>non</strong></span> <span class='ocrx_word' id='word_1_451' title='bbox 2558 4523 2760 4574; x_wconf 90' lang='lat' dir='ltr'><strong>modica</strong></span> <span class='ocrx_word' id='word_1_452' title='bbox 2810 4538 3009 4573; x_wconf 87' lang='lat' dir='ltr'><strong>summa</strong></span> 
     </span>
     <span class='ocr_line' id='line_1_46' title="bbox 629 4606 3008 4677; baseline -0.003 -15"><span class='ocrx_word' id='word_1_453' title='bbox 629 4613 860 4677; x_wconf 86' lang='lat' dir='ltr'><strong>pecunie,</strong></span> <span class='ocrx_word' id='word_1_454' title='bbox 899 4627 1052 4675; x_wconf 91' lang='lat' dir='ltr'><strong>quam</strong></span> <span class='ocrx_word' id='word_1_455' title='bbox 1087 4613 1150 4662; x_wconf 87' lang='lat' dir='ltr'><strong>de</strong></span> <span class='ocrx_word' id='word_1_456' title='bbox 1187 4613 1323 4662; x_wconf 86' lang='lat' dir='ltr'><strong>dicta</strong></span> <span class='ocrx_word' id='word_1_457' title='bbox 1357 4611 1554 4667; x_wconf 87' lang='lat' dir='ltr'><strong>decima</strong></span> <span class='ocrx_word' id='word_1_458' title='bbox 1588 4612 1653 4661; x_wconf 88' lang='lat' dir='ltr'><strong>ab</strong></span> <span class='ocrx_word' id='word_1_459' title='bbox 1705 4612 1888 4661; x_wconf 90' lang='lat' dir='ltr'><strong>eodem</strong></span> <span class='ocrx_word' id='word_1_460' title='bbox 1939 4611 2215 4661; x_wconf 86' lang='lat' dir='ltr'><strong>collectore</strong></span> <span class='ocrx_word' id='word_1_461' title='bbox 2269 4617 2580 4674; x_wconf 84' lang='lat' dir='ltr'><strong>receperant,</strong></span> <span class='ocrx_word' id='word_1_462' title='bbox 2638 4623 2698 4658; x_wconf 90' lang='lat' dir='ltr'><strong>ac</strong></span> <span class='ocrx_word' id='word_1_463' title='bbox 2752 4606 3008 4658; x_wconf 88' lang='lat' dir='ltr'><strong>nonnullis</strong></span> 
     </span>
     <span class='ocr_line' id='line_1_47' title="bbox 629 4695 3009 4760; baseline -0.003 -13"><span class='ocrx_word' id='word_1_464' title='bbox 629 4697 880 4747; x_wconf 86' lang='lat' dir='ltr'><strong>mercibus</strong></span> <span class='ocrx_word' id='word_1_465' title='bbox 917 4711 1040 4760; x_wconf 89' lang='lat' dir='ltr'><strong>quas</strong></span> <span class='ocrx_word' id='word_1_466' title='bbox 1076 4711 1248 4746; x_wconf 86' lang='lat' dir='ltr'><strong>secum</strong></span> <span class='ocrx_word' id='word_1_467' title='bbox 1283 4695 1514 4746; x_wconf 78' lang='lat' dir='ltr'><strong>serebant</strong></span> <span class='ocrx_word' id='word_1_468' title='bbox 1549 4710 1664 4745; x_wconf 91' lang='lat' dir='ltr'><strong>cum</strong></span> <span class='ocrx_word' id='word_1_469' title='bbox 1699 4696 1921 4759; x_wconf 89' lang='lat' dir='ltr'><strong>quadam</strong></span> <span class='ocrx_word' id='word_1_470' title='bbox 1956 4696 2075 4745; x_wconf 90' lang='lat' dir='ltr'><strong>nani</strong></span> <span class='ocrx_word' id='word_1_471' title='bbox 2109 4711 2202 4760; x_wconf 89' lang='lat' dir='ltr'><strong>per</strong></span> <span class='ocrx_word' id='word_1_472' title='bbox 2236 4708 2375 4745; x_wconf 88' lang='lat' dir='ltr'><strong>mare</strong></span> <span class='ocrx_word' id='word_1_473' title='bbox 2410 4695 2664 4759; x_wconf 84' lang='lat' dir='ltr'><strong>cepissent</strong></span> <span class='ocrx_word' id='word_1_474' title='bbox 2693 4707 2870 4743; x_wconf 86' lang='lat' dir='ltr'><strong>uersus</strong></span> <span class='ocrx_word' id='word_1_475' title='bbox 2891 4707 3009 4756; x_wconf 87' lang='lat' dir='ltr'><strong>par-</strong></span> 
     </span>
    </p>
   </div>
  </div>
 </body>
</html>
