3534 5361
1888 312 1927 386 “2

878 496 1068 572 [Item]
1122 504 1180 560 in
1239 506 1500 581 partibus
1551 509 1889 587 Regnorum
1932 513 2185 573 Castelle
2231 528 2286 575 et
2332 519 2623 595 Legionis,
2669 525 2775 582 dfis
2821 525 3095 587 Offredus

705 598 1035 676 Episcopus
1091 605 1425 664 Ouettensis
1496 608 1600 666 suit
1655 613 2133 686 superintendens
2194 628 2251 674 et
2317 619 2553 696 [posuit]
2623 624 2964 685 collectores
3020 629 3093 685 ad

704 703 963 778 ipsarum
1007 706 1256 781 partium
1304 708 1556 766 decimas
1600 711 1973 786 colligendas.

784 796 787 800 Α
874 810 1024 867 Item
1066 811 1124 867 in
1167 809 1434 868 omnibus
1479 811 1740 886 partibus
1785 815 2122 889 Regnorum
2167 820 2467 896 Aragonie
2497 804 2569 880 *et
2608 825 2900 899 Nauarre‚
2964 829 3091 888 Ma-

704 910 883 985 gister
937 911 1273 969 Benenatus
1340 913 1653 969 canonicus
1697 915 2098 974 Narbonensis
2156 918 2261 978 fuit
2318 923 2631 999 deputatus
2696 927 2868 987 simili
2921 933 3093 989 modo

704 1012 1207 1086 superintendens.

870 1113 1019 1170 Item
1063 1113 1122 1170 in
1167 1112 1433 1169 omnibus
1475 1113 1734 1188 partibus
1779 1116 1967 1192 Regni
2003 1119 2343 1198 Portugalie
2390 1129 2497 1185 dfis
2543 1129 2838 1189 Geraldus
2883 1132 3092 1190 Archi-

703 1213 982 1271 diaconus
1040 1214 1416 1271 Bracarensis
1482 1212 1587 1270 fuit
1653 1216 1931 1274 collector
1975 1221 2287 1296 deputatus
2331 1239 2389 1286 et
2434 1230 2667 1306 collegit
2715 1233 2791 1289 ibi
2837 1232 3090 1291 decimas

701 1322 960 1390 tempore
1005 1317 1156 1371 bone
1202 1315 1473 1371 memorie
1521 1316 1885 1374 dominorum
1910 1319 2197 1381 Jobannis
2242 1347 2393 1404 pape
2419 1331 2554 1405 .xxj.
2602 1342 2659 1390 et
2682 1333 2918 1390 Nicolai
2941 1354 3091 1409 pape

700 1415 793 1489 .iij.
868 1415 1000 1489 Quo
1025 1415 1459 1473 Archidiacono
1485 1416 1800 1474 decedente
1833 1418 2007 1478 frater
2028 1422 2341 1487 Monaldus
2359 1431 2430 1487 de
2454 1431 2770 1492 Mathelica
2793 1433 3089 1493 Camerin-

701 1516 851 1574 ensis
921 1516 1165 1574 diocesis
1241 1515 1348 1573 fuit
1411 1517 1618 1575 missus
1684 1519 1758 1575 ad
1815 1527 2275 1596 recuperandum
2339 1531 2591 1592 decimas
2650 1553 2796 1608 quas
2856 1536 3091 1612 collegit

698 1617 994 1692 predictus
1056 1617 1524 1675 Archidiaconus
1593 1630 1649 1676 et
1712 1621 2118 1696 deponendum
2176 1631 2334 1703 apud
2391 1643 2739 1693 mercatores
2798 1636 2897 1711 qui
2958 1658 3088 1696 eam

699 1718 993 1776 soluerent
1049 1719 1108 1775 in
1155 1719 1335 1778 Curia
1379 1719 1660 1777 Romana.

869 1820 1017 1877 Item
1062 1820 1119 1876 in
1167 1821 1432 1878 omnibus
1477 1821 1739 1894 partibus
1771 1821 1958 1897 Regni
1983 1826 2199 1901 Anglie
2243 1828 2475 1889 fuerunt
2519 1835 2777 1911 deputati
2826 1839 3086 1913 superin-

697 1921 1017 1991 tendentes,
1061 1920 1237 1978 frater
1282 1921 1583 1978 Johaunes
1630 1922 1700 1977 de
1748 1922 2155 1982 Dorlentona¹
2202 1931 2414 1988 ordinis
2460 1935 2887 2008 predicatorum
2932 1959 3085 1997 nunc

696 2021 1192 2096 Archiepiscopus
1237 2018 1715 2093 *Dumblinensis,
1763 2035 1818 2079 et
1864 2027 2154 2098 quondam
2203 2029 2360 2106 Mag.
2407 2031 2646 2092 Rfidus2
2690 2037 2760 2092 de
2817 2040 3086 2115 Nogerijs

697 2122 855 2196 prior
898 2121 1099 2182 Sancti
1154 2121 1436 2198 Caprasij‚
1496 2124 1594 2179 d’fii
1640 2144 1792 2200 pape
1838 2127 2232 2201 cappellanus,
2300 2135 2399 2207 qui
2459 2135 2697 2194 ueniens
2743 2140 2815 2195 ad
2865 2142 3083 2198 curiam

696 2242 801 2297 pro
857 2244 964 2280 sua
1007 2223 1230 2281 ratione
1275 2225 1570 2281 reddenda
1614 2225 1717 2282 fuit
1751 2226 1877 2300 alijs
1902 2228 2161 2302 seruicijs
2186 2231 2451 2291 Ecclesie
2498 2237 2809 2311 deputatus
2856 2251 2912 2298 et
2953 2243 3083 2300 loco

697 2324 818 2381 eius
862 2325 1207 2383 substitutus
1247 2325 1353 2382 fuit
1392 2325 1550 2400 Mag.
1587 2327 1821 2383 Arditio
1846 2327 2207 2402 primicerius
2231 2332 2700 2409 Mediolanensis‚
2746 2352 2803 2397 et
2847 2342 3084 2401 fuerunt

693 2424 771 2481 ibi
817 2426 1088 2482 continue
1132 2426 1206 2483 ad
1248 2426 1406 2501 ipsas
1444 2426 1696 2483 decimas
1740 2427 2095 2503 colligendas
2140 2431 2407 2492 videlicet
2453 2437 2628 2494 frater
2651 2439 2952 2500 <Iohannes
2981 2464 3085 2519 per

695 2535 846 2596 oct0‚
878 2537 934 2582 et
956 2526 1116 2601 Mag.
1138 2526 1373 2583 Arditio
1416 2546 1521 2601 per
1557 2526 1812 2603 quinque
1858 2549 2059 2597 annOS,
2106 2542 2162 2588 et
2205 2537 2439 2593 tandem
2469 2539 2757 2614 Magister
2781 2541 3080 2603 Giffredus

694 2626 765 2682 de
809 2627 1054 2703 Vecano
1101 2627 1183 2685 eis
1229 2629 1417 2685 extitit
1460 2628 1514 2683 in
1563 2627 1749 2686 officio
1795 2631 2161 2706 subrogatus,
2205 2635 2395 2695 adhuc
2443 2650 2529 2697 est
2572 2641 2668 2699 ibi.

862 2727 1011 2784 Item
1076 2728 1133 2785 in
1201 2729 1464 2786 omnibus
1530 2730 1793 2804 partibus
1856 2732 2113 2790 Ybernie
2173 2736 2279 2793 dfis
2325 2780 2336 2791 .
2384 2780 2395 2792 .
2463 2739 2792 2818 Episcopus
2862 2746 3079 2804 Cluan-

692 2826 955 2886 fertensis
1001 2839 1057 2885 et
1101 2830 1290 2886 adhuc
1339 2840 1424 2887 est
1469 2830 1565 2887 ibi.

861 2928 1009 2987 Item
1067 2930 1126 2986 in
1181 2932 1446 2988 omnibus
1498 2932 1759 3006 partibus
1819 2933 2004 3007 Regni
2068 2935 2263 2994 Scotie
2321 2938 2481 3014 Mag.
2528 2937 2951 3003 *Raimundus3
3009 2949 3079 3005 de

689 3027 863 3103 Vitijs
921 3031 1236 3089 canonicus
1284 3032 1548 3089 Astensis
1593 3033 1883 3107 quo‘ndam
1934 3036 2309 3111 cappellanus
2355 3040 2451 3096 dfii
2496 3042 2703 3100 Vberti
2750 3048 3078 3118 cardinalis,

694 3129 800 3186 fuit
844 3131 1154 3207 deputatus
1198 3133 1676 3207 superintendens
1723 3144 1779 3190 et
1821 3136 2012 3192 adhuc
2059 3147 2157 3194 est.

860 3231 1007 3289 Item
1053 3233 1109 3289 in
1157 3234 1419 3291 omnibus
1465 3235 1724 3309 partibus
1771 3236 1958 3310 Regni
2002 3238 2317 3314 Norwegie
2363 3242 2470 3299 d'fis
2522 3244 2823 3320 Johannes
2867 3251 3078 3308 Archi-

691 3332 1000 3407 episcopus
1022 3334 1430 3392 Nidrosiensis.
1517 3335 1637 3391 Iste
1682 3336 1897 3409 incepit
1943 3337 2215 3411 colligere
2262 3342 2513 3400 decimas
2535 3364 2640 3419 per
2663 3366 2838 3405 vnum
2864 3370 3078 3407 annum

690 3426 859 3506 post4
908 3434 1052 3493 alios
1098 3435 1437 3493 collectores
1495 3436 1803 3511 deputatos
1847 3437 1902 3493 in
1952 3438 2076 3513 alijs
2122 3442 2433 3530 prouinciis
2471 3456 2603 3519 post
2648 3448 2812 3507 cuius
2858 3452 3075 3508 obitum

688 3534 762 3589 ad
823 3535 1196 3609 quamplures
1249 3557 1429 3593 annos
1488 3538 1839 3611 subrogatus
1897 3550 1977 3595 est
2027 3540 2102 3596 ibi
2161 3542 2267 3598 dns
2324 3544 2592 3619 Vguittio
2657 3550 2939 3623 plebanus
3006 3553 3077 3609 de

689 3633 1041 3692 Castellione
1086 3637 1329 3694 Aretine
1377 3638 1637 3708 diocesis,
1685 3650 1741 3695 et
1786 3641 1975 3696 adhuc
2022 3649 2108 3696 est
2153 3642 2247 3700 ibi.

856 3735 1004 3791 Item
1048 3737 1106 3793 in
1152 3738 1418 3795 omnibus
1464 3740 1724 3814 partibus
1770 3741 2102 3816 Regnorum
2149 3743 2335 3800 Dacie
2383 3755 2438 3802 et
2472 3747 2679 3806 Suecie
2724 3750 2881 3825 Mag.
2931 3754 3074 3810 Ber-

685 3837 926 3892 trandus
949 3836 1233 3893 Amalrici
1259 3837 1588 3897 Canonicus
1615 3842 1934 3914 Remensis‚
1960 3844 2055 3899 dni
2105 3864 2255 3919 pape
2303 3847 2697 3923 cappellanus,
2743 3851 2848 3909 fuit
2872 3874 3074 3929 super-

684 3936 1012 4008 intendens,
1047 3936 1145 4011 qui
1213 3939 1443 4015 collegit
1503 3942 1579 3999 ibi
1640 3963 1744 4017 per
1786 3954 2002 4018 septem
2051 3964 2251 4011 annos
2298 3956 2428 4019 post.
2476 3949 2638 4006 cuius
2683 3972 2971 4012 recessum
3019 3966 3076 4013 et

684 4037 878 4111 plures
923 4057 1106 4095 annos
1145 4038 1331 4097 dictus
1355 4042 1638 4115 plebanus
1672 4044 1743 4099 de
1782 4045 2132 4101 Castellionc
2175 4046 2280 4102 fuit
2324 4046 2429 4103 sibi
2476 4051 2826 4125 subrogatus
2873 4067 2928 4112 et
2972 4058 3072 4113 ad-

684 4139 795 4194 huc
843 4147 932 4195 est
973 4140 1072 4196 ibi.

851 4239 999 4296 Item
1042 4240 1098 4296 in
1145 4242 1410 4299 omnibus
1455 4245 1718 4318 partibus
1764 4246 1949 4319 Regni
1997 4248 2275 4321 Vngarie‚
2343 4253 2588 4309 Polonie
2636 4267 2692 4311 et
2759 4256 3071 4314 Sclauonie

683 4337 838 4412 Mag.
898 4338 1200 4400 Gerardus
1256 4344 1327 4401 de
1391 4344 1622 4401 Mutina
1688 4347 1785 4401 dfii
1854 4368 2005 4422 pape
2072 4350 2465 4410 subdiaconus
2533 4364 2590 4410 et
2657 4356 2903 4431 scriptor
2968 4357 3073 4414 fuit

754 4482 767 4509 ¹
808 4487 923 4535 Fol.
969 4494 1029 4535 14
1065 4490 1254 4538 skrivcs
1293 4494 1431 4540 dette
1466 4492 1616 4542 Navn
1663 4491 2050 4552 „Derlintona“.
2123 4494 2147 4522 ²
2184 4498 2427 4548 Saaledes
2464 4504 2479 4549 i
2516 4502 2734 4552 Texten.
2807 4504 2932 4554 Skal
2969 4504 3071 4553 for-

818 4573 1102 4633 modentlig·
1139 4575 1340 4637 oplescs
1382 4575 1777 4636 „Raimundus.“
1852 4576 1872 4604 ³
1908 4580 2149 4630 Skrivfcil
2187 4585 2202 4630 i
2240 4583 2442 4634 Textcn
2490 4587 2591 4635 istf.
2638 4584 3069 4648 „Baiamundus.“

818 4650 841 4679 ‘¹
876 4655 1013 4705 Saal.
1053 4657 1066 4702 i
1104 4657 1321 4707 Texten.
1394 4662 1468 4709 Er
1503 4662 1871 4727 formodentlig
1908 4681 1970 4714 en
2007 4666 2272 4716 Feilskrift
2308 4669 2390 4719 for
2425 4665 2591 4733 „per“.
