3534 5361
1720 375 1838 433 120

766 531 926 618 Item.
971 561 1065 617 die
1111 561 1285 636 .xxiij.
1330 561 1487 635 Maij.
1530 561 1662 618 ueni
1724 562 1921 622 Scaris
1988 571 2044 618 et
2109 562 2238 619 dedi
2308 562 2643 619 ductoribus
2712 561 2810 636 qui
2878 581 2967 618 me

599 664 1001 720 conduxerunt
1057 689 1121 698 -
1176 662 1346 736 .xviij.
1392 682 1572 738 gross,
1619 664 2007 721 Turonenses.

765 764 908 820 Item
955 763 1084 820 dedi
1130 763 1355 820 duobus
1399 766 1728 822 cursoribus
1774 764 1869 820 d‘r'1i
1913 763 2186 838 Episcopi
2215 763 2650 838 Strengenensis
2693 764 2789 840 qui
2838 783 2968 838 pro-

602 873 953 922 curauerunt
998 864 1134 921 mihi
1181 865 1559 922 conductores
1608 895 1678 901 —
1732 866 1782 940 .j.
1830 885 2003 921 marc.
2047 865 2174 920 den.
2223 865 2567 924 Sueuorum.

766 965 913 1022 Item
959 966 1090 1022 dedi
1134 965 1348 1022 famulo
1394 966 1491 1022 dfii
1536 965 1833 1025 Scarensis
1878 966 1975 1041 qui
2044 985 2132 1022 me
2201 966 2365 1022 duxit
2434 965 2744 1022 Ludosiam
2805 993 2860 1000 -
2918 964 2969 1038 ,1.

601 1085 775 1123 marc.
821 1067 950 1124 den.
995 1064 1370 1126 Sueuoruml.

425 1182 597 1221 rursm.
769 1167 916 1223 Item
962 1168 1110 1225 solui
1156 1187 1261 1242 pro
1304 1167 1490 1226 saccis
1533 1166 1601 1223 de
1648 1167 1860 1225 choreo
1904 1187 2031 1225 curn
2093 1168 2305 1243 quibus
2370 1166 2650 1241 Magister
2716 1166 2971 1224 Thomas

602 1266 857 1341 portauit
915 1269 1189 1343 pecunias
1260 1278 1317 1325 et
1381 1277 1679 1342 argentum
1750 1269 1820 1325 de
1886 1269 2134 1344 Vpsalia
2196 1268 2509 1326 Ludosiam
2559 1296 2635 1304 —·
2677 1267 2969 1324 dimidiam

419 3824 583 3862 f01.8:3.n.

602 1387 855 1425 marcam
902 1368 1028 1425 den.
1075 1369 1418 1428 Sueuorum.

770 1469 914 1526 Item
960 1468 1120 1543 .viijV?
1149 1470 1239 1526 die
1282 1471 1462 1545 Junij.
1507 1470 1586 1527 iui
1645 1489 1846 1528 uersus
1905 1469 2212 1528 Lindholm
2281 1471 2352 1526 ad
2422 1470 2557 1526 dfim
2627 1470 2849 1543 Regem
2917 1479 2973 1526 et

602 1578 843 1627 matrem
887 1590 1049 1628 suam
1095 1572 1328 1646 quando
1369 1572 1540 1629 debui
1584 1572 1798 1629 intrare
1843 1572 2215 1646 Norwegiam
2262 1580 2319 1629 et
2363 1571 2491 1628 dedi
2552 1591 2656 1646 pro
2711 1571 2845 1627 naui
2900 1597 2964 1606 —

605 1669 896 1727 dimidiam
943 1690 1195 1728 marcam
1244 1673 1370 1731 den.
1419 1673 1742 1732 Sueuorum
1791 1684 1848 1731 et
1892 1694 2174 1750 expensas
2217 1672 2669 1746 Remigantibus.

770 1771 918 1828 Item
963 1773 1258 1830 redeundo
1304 1774 1620 1833 Ludosiam
1668 1803 1740 1848 .-
1794 1775 2084 1832 dimidiam
2152 1793 2402 1833 marcam
2470 1774 2599 1830 den.
2647 1773 2974 1832 Sueuorum

605 1881 664 1929 et
706 1892 989 1948 expensas
1032 1873 1489 1948 Remigantibus.

769 1974 920 2031 Item
965 1975 1095 2032 dedi
1141 1976 1355 2033 famulo
1400 1976 1501 2052 qui
1548 1976 1681 2033 mihi
1724 1976 1981 2052 portauit
2022 1977 2241 2033 litteras
2285 1977 2383 2032 (1ῇί
2432 1977 2610 2051 Regis
2656 1976 2726 2032 de
2769 1993 2973 2032 securo

606 2076 896 2134 conductu
941 2085 998 2133 et
1042 2097 1344 2152 processus
1388 2098 1533 2155 quos
1578 2079 1650 2134 ad
1694 2078 2071 2153 Norwegiam
2117 2079 2381 2136 miseram
2447 2098 2551 2154 pro
2618 2074 2972 2134 uestimentis

602 2177 769 2236 lineis
814 2188 873 2236 et
914 2179 1272 2237 secularibus
1318 2208 1393 2216 -
1439 2177 1488 2252 .j.
1536 2197 1710 2235 marc.
1753 2180 1880 2236 den.
1926 2179 2269 2239 Sueuorum.

773 2274 951 2337 2Item
997 2280 1127 2336 dedi
1171 2280 1327 2338 fratri
1373 2281 1609 2338 Matheo
1651 2281 1843 2337 Priori
1897 2280 2334 2337 Predicatorum
2381 2278 2828 2336 Wisbicensium
2874 2278 2972 2353 qui

607 2381 805 2439 debuit
846 2391 1078 2456 portare
1121 2381 1339 2440 lit-teras
1384 2384 1499 2439 dfio
1545 2391 1738 2439 nostro
1782 2402 1933 2458 pape
1978 2391 2035 2437 et
2080 2381 2195 2437 dfio
2241 2380 2556 2438 camerario
2614 2379 2971 2438 continentes

605 2481 955 2540 relacionem
1000 2484 1369 2558 negociorum
1414 2502 1527 2558 que
1571 2501 1863 2558 gesseram
1907 2483 1963 2540 in
2009 2483 2213 2557 Regno
2258 2481 2466 2540 Suecie
2523 2501 2698 2538 vnum
2762 2500 2973 2557 equum

607 2582 822 2640 valoris
868 2611 946 2620 —
994 2604 1069 2641 .x.
1117 2603 1292 2641 marc.
1338 2585 1467 2641 den.
1516 2586 1858 2645 Sueuorum.

775 2685 923 2743 Item
972 2686 1100 2745 dedi
1147 2687 1330 2743 eidem
1385 2715 1449 2723 --
1499 2686 1573 2761 .11.
1618 2688 1817 2744 floren.
1866 2686 1989 2742 auri
2035 2706 2139 2761 pro
2185 2685 2452 2760 expensis
2495 2685 2629 2743 suis,

777 2787 923 2844 Item
963 2788 1123 2863 xiiij‘?
1155 2787 1244 2845 die
1287 2788 1467 2862 Junij.
1512 2789 1702 2847 remisi
1770 2808 1948 2864 equos
2002 2807 2159 2844 meos
2225 2788 2281 2844 in
2347 2785 2590 2842 Daciam
2658 2795 2712 2841 et
2780 2804 2975 2841 omnes

608 2888 832 2964 perdidi
876 2908 990 2947 vno
1035 2899 1279 2965 excepto
1324 2890 1463 2966 quia
1507 2890 1761 2965 oportuit
1805 2910 1894 2947 me
1940 2889 2019 2945 ire
2083 2888 2414 2964 nauigando
2477 2887 2536 2943 in
2602 2886 2976 2960 Norwegiam

610 2998 666 3045 et
710 3009 822 3046 non
863 2991 1024 3065 potui
1072 2992 1320 3048 uendere
1366 3011 1545 3066 equos
1586 3010 1741 3048 meos
1788 3000 1844 3048 et
1883 2991 2132 3047 conduxi
2172 3009 2380 3047 nauem
2409 2989 2668 3064 usquein
2696 2987 2975 3062 Osloyam

611 3110 715 3165 pro
759 3119 838 3129 -
885 3092 998 3166 diij.
1044 3093 1145 3150 sol.
1191 3112 1371 3167 gross.
1417 3093 1864 3150 Turonensium.

777 3194 925 3251 Item
971 3193 1119 3251 solui
1165 3214 1268 3269 pro
1312 3194 1579 3270 expensis
1622 3202 1796 3250 naut-e
1841 3202 1898 3249 et
1940 3192 2281 3249 famulorum
2329 3211 2562 3250 suorum
2609 3201 2664 3247 et
2718 3209 2825 3265 pro
2870 3209 2983 3246 vno

613 3295 896 3370 armigero
942 3296 1039 3351 dfii
1082 3295 1261 3369 Regis
1305 3296 1402 3371 qui
1450 3315 1537 3352 me
1595 3314 1726 3353 cum
1793 3303 2042 3369 quatuor
2105 3293 2333 3352 famulis
2399 3294 2517 3350 suis
2583 3293 2985 3350 conducebant

613 3415 716 3471 per
778 3395 936 3453 illam
1000 3396 1153 3453 viam
1218 3396 1487 3455 videlicet
1554 3396 1623 3453 de
1679 3395 1937 3453 Ludosia
2005 3414 2187 3469 usque
2252 3395 2530 3470 Osloyam
2584 3421 2650 3429 --
2704 3392 2838 3467 .viij.
2883 3392 2985 3450 sol.

615 3516 795 3570 gross.
845 3497 1287 3556 Turonensium.

781 3599 924 3656 Item
971 3599 1102 3658 dedi
1148 3600 1301 3657 dicto
1348 3598 1631 3673 armigero
1678 3598 2014 3656 conductori
2062 3616 2190 3654 meo
2245 3625 2303 3634 --
2356 3595 2454 3669 .iij.
2501 3596 2700 3653 floren.
2744 3592 2884 3651 auri.
2932 3602 2987 3648 et

613 3700 827 3758 famulo
872 3720 977 3758 suo
1032 3730 1091 3737 —
1151 3721 1263 3758 .xv.
1310 3720 1490 3776 grOSS.
1538 3692 1956 3757 Turonenses³³.

784 3804 926 3860 Item
972 3804 1102 3878 xxj.
1149 3804 1240 3860 die
1282 3803 1460 3877 Junij.
1494 3801 1632 3885 ‚misi
1677 3819 1853 3857 vnum
1900 3801 2172 3857 nuncium
2217 3799 2331 3856 dfio
2399 3798 2673 3874 episcopo
2740 3798 2987 3854 Hamar·

616 3905 735 3961 ensi
781 3904 871 3962 cui
917 3905 1116 3980 scripsi
1162 3916 1223 3961 vt
1267 3905 1485 3961 veniret
1534 3914 1596 3959 ut
1643 3903 1773 3959 mihi
1821 3902 2167 3977 significaret
2208 3901 2398 3958 locum
2446 3901 2538 3956 ubi
2612 3917 2836 3974 possem
2885 3897 2989 3955 sibi

615 4027 918 4064 occurrere
964 4027 1067 4082 pro
1111 4006 1485 4081 expedicione
1530 4006 1900 4079 negociorum
1949 4013 2005 4060 et
2046 4003 2177 4059 dedi
2233 4002 2386 4057 dicto
2444 4003 2654 4058 nuncio
2723 4030 2766 4035 -
2830 3998 2989 4072 .xiiij.

617 4108 942 4183 sterlingOS.

785 4211 927 4266 Item
966 4209 1099 4285 ,1111ἱει
1132 4209 1273 4266 feria
1317 4218 1447 4284 post
1490 4208 1728 4264 octabas
1793 4204 2186 4281 apostolorum
2247 4203 2406 4259 Petri
2473 4212 2528 4258 et
2591 4201 2763 4259 Pauli
2834 4201 2986 4258 exiui

1784 4353 1928 4417 xiiij.
1968 4353 2062 4402 sol.
2100 4361 2152 4401 et
2182 4368 2243 4400 .v.
2273 4354 2385 4400 den.
2413 4366 2574 4414 gross.
2601 4351 2992 4400 Turonensium.

1785 4422 1887 4485 .vij.
1926 4436 2079 4470 marc.
2120 4422 2233 4469 den.
2271 4428 2471 4469 monete
2508 4418 2743 4468 Sueuicc.

689 4508 714 4537 ²
749 4512 774 4560 Ι
808 4512 1027 4575 Margen
1065 4527 1120 4561 er
1154 4511 1245 4559 her
1279 4512 1390 4559 med
1431 4526 1493 4558 en
1529 4510 1694 4558 auden
1730 4508 1917 4558 Haand
1954 4505 2175 4568 tilfojct:
2216 4498 2483 4566 ,‚attende.“

1789 4592 1897 4655 .xij.
1934 4604 2088 4638 marc.
2127 4605 2241 4638 cum
2280 4587 2487 4637 dimidia
2521 4594 2726 4636 monete
2763 4586 2994 4635 Sueuicc.

693 4658 714 4687 ³
749 4664 812 4712 H.
851 4672 886 4712 t.
952 4660 1077 4727 [ap.]
1117 4664 1327 4714 Summa
1362 4664 1511 4711 huius
1549 4604 1770 4758 pagine{
1791 4659 1922 4776 ,xiijii
1960 4659 2048 4707 sol.
2092 4666 2142 4705 et
2180 4657 2399 4736 .iij.den.
2421 4671 2582 4717 gross.
2606 4655 2998 4703 Turonensium.

1790 4745 1850 4776 .v.
1928 4741 2065 4776 oren.
2103 4741 2228 4773 auri.

692 4389 705 4418 ¹
745 4394 808 4442 H.
849 4401 882 4441 t.
952 4388 1081 4456 [ap.]
1113 4393 1323 4443 Summa
1357 4392 1508 4440 huius
1547 4355 1769 4479 pagineg
