3534 5361
1668 331 1786 391 143

531 534 644 577 vos,
679 516 994 568 monasteria
1031 523 1299 579 ceteraque
1338 516 1454 565 loca
1500 522 1554 564 et
1603 515 1742 564 bona
1796 516 2023 565 eiusdem
2078 517 2284 575 ordinis,
2336 531 2398 565 ac
2446 516 2612 579 ipsum
2672 517 2919 574 ordinem,

533 603 597 653 ab
633 616 787 652 onere
823 601 1098 650 cuiuslibet
1132 603 1393 664 reientine
1429 615 1489 649 ac
1525 599 1928 649 extraordinarie
1981 601 2176 649 decime
2227 615 2316 648 seu
2372 600 2581 649 alterius
2635 600 2920 649 exactionis

532 687 824 747 eximimus,
858 685 1134 735 districtius
1170 685 1475 742 inhibentes,
1512 683 1652 732 vobis
1690 683 1904 731 dictisue
1942 684 2279 741 monasteriiS,
2314 684 2441 733 locis
2495 691 2585 733 aut
2633 684 2798 743 boniS,
2836 685 2920 733 de-

532 779 704 820 cetero
738 770 1032 820 huiusmodi
1070 770 1318 819 decimam
1346 778 1398 817 et
1426 768 1769 827 exactionem,
1789 782 2106 830 quocumque
2133 769 2335 838 nomine
2361 776 2681 827 censeantur,
2708 768 2913 832 imponi.

531 862 622 903 aut
656 854 977 918 imponendis
1014 856 1066 903 in
1102 861 1379 916 posterum.
1418 860 1865 915 quantumcunque
1901 852 2221 913 generaliter.
2262 853 2356 900 sub
2394 855 2573 915 quauis
2621 853 2789 902 forma
2839 853 2922 901 vel

532 939 860 1002 expressione
895 939 1182 999 verborum,
1219 952 1250 985 a
1284 937 1429 986 vobis
1466 935 1620 998 exigi,
1655 934 1738 983 vel
1774 951 1865 984 uos
1902 951 2055 998 super
2106 937 2207 985 illis
2262 936 2583 998 aliquatenus
2643 938 2919 986 molestari.

531 1023 859 1073 decernentes
896 1038 1101 1072 exnunc
1139 1037 1341 1071 omnem
1378 1019 1688 1069 sentenciam
1727 1019 2093 1082 suspensionis,
2130 1021 2387 1069 interdicti
2425 1036 2514 1069 seu
2572 1022 2922 1070 excommuni-

530 1106 752 1157 cacionis
789 1109 839 1157 in
875 1123 981 1167 vos,
1018 1106 1347 1164 monasteria,
1401 1105 1531 1153 loca.
1587 1103 1667 1152 vel
1717 1104 1854 1152 bona
1905 1105 2136 1166 predicta
2188 1112 2396 1168 propter
2449 1106 2548 1153 hoc
2606 1120 2920 1168 quacumque

531 1192 836 1240 auctoritate
871 1192 1046 1250 latam,
1082 1190 1279 1239 irritam
1315 1196 1368 1238 et
1400 1191 1619 1237 inanem.
1658 1202 1717 1236 ac
1756 1187 1945 1236 uiribus
1982 1188 2189 1237 omnino
2226 1203 2415 1238 carere.
2487 1188 2625 1238 Nulli
2662 1205 2786 1253 ergo
2823 1198 2920 1238 etc.

530 1284 705 1325 nostre
741 1277 1104 1340 exempcionis‚
1163 1274 1485 1323 inhibicionis
1541 1282 1593 1320 et
1651 1272 2030 1321 constitutionis
2092 1281 2187 1321 etc.
2283 1275 2478 1323 Datum
2534 1274 2775 1336 Lugduni
2835 1288 2924 1336 per

532 1374 738 1409 manum
789 1358 1020 1423 magistri
1075 1357 1378 1420 Lanfrancj‚
1431 1357 1776 1406 archidiaconi
1827 1358 2148 1418 Pergameni,
2203 1366 2379 1406 sancte
2429 1359 2661 1408 Romane
2712 1357 2922 1406 ecclesie

534 1443 939 1505 vicecancellarij
1021 1444 1169 1492 nonis
1232 1442 1423 1506 Aprilis
1494 1441 1787 1489 indictione.
1858 1440 1940 1503 iijq
1995 1441 2372 1491 incarnacionis
2446 1442 2697 1490 dominice
2767 1457 2918 1491 anno.

537 1539 634 1588 .m⁰‚
677 1539 762 1587 ccq
805 1528 962 1588 lxxvq
1004 1526 1333 1591 pontificatus
1370 1542 1490 1576 vero
1516 1524 1704 1575 domini
1734 1524 1970 1588 Gregorij
2011 1540 2142 1589 pape
2178 1524 2377 1587 decimj.
2416 1540 2551 1574 anno
2588 1534 2785 1588 quart0.

534 1611 656 1655 (Esser
682 1611 834 1649 Vidisse
861 1612 904 1649 ni·
928 1609 1025 1648 1272
1052 1616 1097 1649 tr.
1125 1611 1136 1647 i
1163 1610 1248 1658 Dipl
1290 1609 1349 1647 Sv.
1380 1611 1450 1648 No.
1479 1608 1565 1648 591.
1633 1607 1886 1646 Meddelelsen
1933 1609 2062 1646 herem
2110 1610 2149 1645 til
2196 1609 2477 1646 Collectorerne
2519 1609 2562 1646 οἳ
2605 1610 2683 1647 iste
2727 1609 2830 1657 April
2881 1620 2922 1646 er

1380 1661 1480 1708 trykt
1507 1659 1757 1697 summe-teda
1786 1671 1865 1697 som
1894 1660 1960 1697 No.
1990 1658 2075 1696 590.
2795 1685 2798 1686 γ

1272 1868 1328 1926 4.
1423 1867 1603 1925 1276.
1693 1867 1807 1923 4de
1851 1865 2192 1924 December.

696 1983 961 2033 «Iohannes
1012 1984 1170 2047 episc,
1218 1998 1256 2032 s.
1310 1997 1349 2031 s.
1405 1982 1452 2030 d.
1506 1981 1784 2030 venerabili
1834 1979 1977 2029 fratri
2036 2017 2049 2030 .
2105 2017 2115 2029 .
2170 1981 2557 2045 archiepiscopo
2607 1980 2923 2031 Nidrosiensi

535 2067 686 2116 salut.
726 2076 776 2117 et
831 2068 1051 2131 apostol.
1105 2066 1357 2116 benedict.
1451 2065 1563 2114 Tva
1620 2065 1767 2114 nobis
1820 2064 2111 2114 fraternitas
2164 2067 2421 2116 intimanit
2472 2068 2608 2130 qnod
2663 2080 2779 2114 cum
2833 2067 2924 2114 tibi

536 2152 776 2202 collectio
831 2153 1024 2202 decime
1078 2158 1210 2200 terre
1269 2157 1445 2200 sancte
1503 2152 1556 2198 in
1615 2163 1775 2211 regno
1835 2148 2107 2211 Norwagie
2160 2165 2250 2212 per
2293 2150 2488 2200 litteras
2552 2150 2776 2214 apostoli
2836 2165 2923 2200 cas

536 2238 602 2286 sit
658 2234 1026 2286 *commissum
1080 2243 1132 2285 et
1182 2238 1234 2284 in
1294 2235 1475 2284 litteris
1528 2234 1650 2297 ipsis
1703 2234 2028 2282 contineatur
2085 2250 2323 2298 expresse
2396 2245 2452 2285 ut
2509 2249 2685 2284 omnes
2751 2241 2923 2297 partes

536 2321 763 2369 eiusdem
799 2321 944 2384 regni
980 2319 1166 2368 debeas
1203 2328 1414 2382 propter
1449 2320 1545 2367 hoc
1582 2319 1923 2382 personaliter
1960 2319 2185 2378 uisitare,
2231 2320 2383 2382 idque
2419 2319 2797 2382 quodammodo
2831 2321 2927 2369 im-

534 2404 778 2468 possibile
814 2405 1050 2454 uideatur
1084 2418 1200 2451 cum
1238 2402 1513 2452 Gardensis
1551 2402 1767 2451 diocesis
1805 2416 1900 2464 que
1938 2404 2000 2451 de
2038 2410 2126 2452 tua
2162 2405 2424 2467 prouincia
2460 2416 2511 2456 et
2545 2422 2703 2470 regno
2752 2409 2927 2457 existit

537 2489 718 2538 eodem
753 2504 785 2539 a
818 2489 1219 2552 metropolitana
1255 2487 1470 2536 ecclesia
1505 2487 1636 2535 adeo
1683 2487 1750 2534 sit
1808 2494 2002 2535 remota
2062 2488 2197 2549 quod
2258 2489 2319 2536 de
2372 2489 2486 2553 ipsa
2534 2492 2751 2541 ecclesia
2803 2493 2925 2540 illuc

536 2580 749 2638 propter
781 2574 936 2622 maris
972 2573 1336 2636 impedimenta
1372 2573 1460 2619 uix
1497 2570 1630 2620 infra
1665 2571 2061 2633 quinquennium
2097 2572 2169 2620 ire
2206 2573 2316 2635 quis
2353 2575 2527 2624 ualeat
2575 2583 2627 2625 et
2662 2578 2824 2625 redire
2860 2579 2924 2626 ad

539 2658 806 2707 ecclesiam
842 2658 1204 2722 supradictam,
1241 2671 1301 2706 ac
1336 2656 1453 2706 ideo
1491 2657 1689 2705 dubites
1725 2657 1862 2719 quod
1898 2657 2065 2706 adhuc
2113 2655 2246 2706 infra
2293 2660 2533 2722 temporis
2589 2663 2808 2726 spatium
2860 2663 2926 2712 ad

539 2741 850 2792 solutionem
885 2743 1043 2805 ipsius
1079 2742 1273 2790 decime
1311 2742 1589 2802 constituti,
1625 2741 1968 2803 apostolicum
2005 2741 2112 2789 siue
2150 2748 2291 2790 tuum
2331 2745 2396 2792 ad
2449 2754 2618 2809 partes
2672 2747 2785 2796 illas
2822 2763 2926 2796 non

541 2827 713 2876 ualeat
747 2828 1010 2892 peruenire
1047 2828 1357 2882 mandatum,
1394 2826 1667 2889 postulasti
1705 2839 1858 2889 snper
1892 2825 1990 2874 hoc
2025 2840 2116 2888 per
2150 2828 2434 2890 apostolice
2472 2831 2604 2878 sedis
2656 2831 2927 2894 prouiden-

542 2913 662 2960 tiam
700 2912 978 2961 remedinm
1010 2910 1267 2963 adhiberi.
1363 2909 1641 2973 Cupientes
1678 2911 1835 2972 igitur
1870 2918 1926 2957 ut
1960 2910 2257 2958 collectioni
2294 2904 2518 2961 eius'dem
2557 2915 2750 2963 decime
2787 2915 2931 2963 solli-

540 2995 651 3045 citis
689 2995 872 3057 studijs
909 2995 1205 3044 intendatur
1238 2994 1471 3044 volumus
1509 3002 1561 3044 et
1596 2993 1902 3044 fraternitati
1941 3001 2024 3041 tue
2062 3009 2151 3057 per
2187 2997 2474 3058 apostolica
2510 2998 2702 3062 scripta
2719 2999 2929 3047 manda-

539 3096 652 3128 mus
689 3088 937 3143 quatenus
975 3081 1016 3129 si
1055 3079 1298 3143 premissa
1332 3079 1522 3127 ueritas
1559 3078 1844 3135 comitetur,
1879 3078 2075 3141 aliquas
2111 3094 2357 3142 personas
2393 3083 2619 3144 ydoneas
2656 3092 2710 3130 et
2753 3083 2929 3131 fideles

541 3179 693 3228 super
729 3164 910 3227 quibus
946 3171 1087 3213 tuam
1122 3164 1428 3213 intendimus
1466 3163 1831 3211 conscientiam
1886 3177 2098 3211 onerare
2152 3164 2217 3211 ad
2277 3172 2445 3226 partes
2505 3166 2620 3214 illas
2674 3168 2927 3216 destinare

540 3264 798 3313 procures,
834 3263 930 3312 que
967 3249 1029 3296 ad
1068 3248 1428 3297 executionem
1465 3246 1784 3295 collectionis
1822 3247 2047 3295 eiusdem
2084 3247 2355 3310 diligenter
2389 3249 2658 3310 inuigilent
2693 3259 2744 3299 et
2766 3253 2928 3300 inten-

543 3336 682 3384 dant.
720 3335 947 3396 aliasque
1002 3347 1153 3395 super
1204 3333 1304 3381 hoc
1356 3332 1626 3394 prouidere
1680 3331 1905 3390 stu'deas,
1966 3339 2120 3392 prout
2172 3332 2395 3381 utilitate
2448 3333 2677 3383 eiusdem
2735 3335 2928 3384 decime

541 3420 731 3468 uideris
768 3417 1026 3482 expedire.
1062 3416 1420 3465 nichilominus
1457 3416 1523 3463 ad
1560 3415 1917 3467 collectionem
1954 3416 2246 3465 huiusmodi
2283 3431 2374 3480 per
2408 3427 2459 3467 te
2495 3419 2660 3482 ipsum
2715 3433 2931 3482 operose

542 3502 896 3553 sollicitudinis
935 3502 1159 3551 studium
1194 3501 1528 3563 impensurus.
1624 3499 1716 3548 Jta
1769 3501 1905 3562 quod
1957 3500 2167 3563 proinde
2221 3501 2312 3550 tibi
2361 3517 2393 3550 a
2439 3502 2645 3551 domino
2683 3502 2930 3566 premium

543 3602 827 3650 compares,
866 3594 918 3634 et
952 3586 1085 3634 sedis
1124 3584 1408 3648 apostolice
1461 3584 1681 3647 gratiam
1732 3584 1938 3633 uberius
1991 3586 2245 3635 merearis.
2331 3584 2529 3635 Datum
2580 3586 2799 3649 Viterbij
2858 3586 2928 3648 .ij.

544 3686 705 3721 nonas
739 3670 1038 3721 Decembris
1076 3669 1403 3733 pontificatus
1438 3669 1602 3718 nostri
1638 3683 1773 3717 anno
1809 3668 1991 3732 prime.

1221 3750 1362 3796 (Arch.
1390 3752 1476 3792 Vnt.
1509 3752 1600 3798 neg.
1630 3752 1765 3790 Johan.
1797 3752 1898 3791 xxi.
1928 3761 1993 3791 an.
2023 3752 2052 3790 Ι.
2086 3762 2144 3799 ep.
2173 3748 2253 3797 93).

1282 3924 1337 3980 5.
1434 3924 1613 3983 1276.
1701 3924 1815 3981 4de
1857 3924 2206 3983 December.

683 4042 951 4092 «Iohannes
990 4041 1144 4104 episc.
1184 4054 1314 4088 seru.
1371 4054 1567 4088 seruor.
1628 4040 1724 4088 dei.
1780 4040 2016 4087 venerab.
2074 4038 2217 4087 fratri
2279 4075 2291 4087 .
2352 4076 2364 4088 .
2421 4040 2807 4105 archiepiscopo
2841 4039 2932 4089 Ni-

546 4125 793 4174 drosiensi
829 4125 1050 4174 salutem
1085 4132 1136 4173 et
1172 4124 1392 4187 apostol.
1429 4124 1679 4171 benedict.
1765 4122 1878 4170 Tva
1913 4123 2061 4172 nobis
2101 4118 2204 4182 [etc.
2242 4119 2415 4187 usque]
2471 4125 2524 4173 in
2581 4139 2740 4187 regno
2798 4123 2932 4174 Nor-

545 4211 705 4271 wegie
741 4210 807 4258 sit
842 4209 1118 4259 commissa
1153 4224 1242 4272 per
1277 4209 1409 4256 sedis
1447 4207 1728 4269 apostolice
1763 4207 1961 4256 litteras
1998 4208 2261 4270 specialeS,
2301 4215 2353 4256 et
2387 4207 2439 4256 in
2485 4208 2556 4256 eis
2611 4211 2934 4258 contineatur

546 4308 804 4358 expresse,
842 4302 900 4341 ut
935 4308 1110 4342 omnes
1147 4292 1373 4341 eiusdem
1410 4292 1552 4354 regni
1588 4298 1758 4354 partes
1797 4292 1980 4340 debeas
2017 4298 2227 4355 propter
2270 4291 2371 4340 hoc
2423 4293 2761 4354 personaliter
2813 4294 2933 4342 uisi-

548 4386 672 4439 tare,
709 4393 770 4427 ac
806 4378 975 4441 plures
1013 4377 1242 4426 dioceses
1277 4379 1328 4425 in
1376 4391 1536 4439 regno
1585 4377 1695 4440 ipso
1748 4382 1937 4438 tuaque
1990 4376 2253 4439 prouincia
2308 4377 2583 4426 constitute
2637 4393 2727 4441 per
2778 4380 2933 4427 maris

548 4462 717 4525 spatia
751 4462 881 4510 adeo
919 4462 1020 4510 sint
1056 4462 1295 4525 disperse,
1331 4475 1392 4510 ac
1425 4461 1560 4509 intra
1618 4475 1740 4509 suos
1790 4460 1979 4509 limites
2034 4460 2245 4520 dilitate,
2299 4461 2436 4523 quod
2487 4459 2592 4510 fere
2649 4460 2783 4513 infra
2840 4478 2934 4512 sex

549 4561 732 4608 annos,
763 4553 815 4594 et
849 4545 1040 4608 absque
1077 4544 1381 4607 grauissimo
1418 4544 1631 4593 ecclesie
1668 4553 1753 4592 tue
1815 4544 2079 4604 dispendio
2137 4551 2308 4609 partes
2363 4559 2539 4593 omnes
2590 4547 2934 4608 predictarum

547 4627 888 4696 personaliter
921 4629 1129 4679 uisitare
1166 4630 1442 4679 diocesium
1480 4627 1684 4677 difficile
1721 4628 1813 4676 tibi
1848 4626 1995 4678 foret.
2034 4643 2148 4677 cum
2185 4642 2293 4678 non
2328 4643 2585 4693 nunquam
2629 4646 2719 4694 per
2768 4632 2931 4681 dietas
