3534 5361
359 1141 421 1178 rol.
439 1143 540 1179 sm.

1711 406 1789 461 78

1526 588 1663 661 .iiij‘!r
1691 589 1817 646 libr.
1861 589 1917 663 ij.
1961 589 2064 647 sol.
2110 599 2167 649 et
2207 592 2301 648 .ix.
2350 592 2479 648 den.
2515 592 2944 665 gross.·Turon.

1526 673 1800 748 .clxxxiij.
1846 692 2019 729 marc.
2066 694 2197 731 cum
2244 675 2481 732 dimidia
2525 676 2750 750 argenti
2796 696 2938 750 pon·

565 756 700 832 [apl
763 759 1001 816 Summa
1045 759 1215 815 huius
1258 757 1471 832 pagine
1610 758 1760 815 deris
1806 757 2180 816 Coloniensis.

1525 841 1678 915 .xxij.
1722 840 1851 900 libr.
1898 842 2320 919 sterlingorum.

1524 926 1656 999 xxj.
1698 926 1823 984 flor.
1867 926 2053 1001 parui.

729 1130 875 1185 Item
923 1147 1073 1184 anno
1119 1137 1175 1183 et
1221 1128 1311 1183 die
1357 1126 1568 1202 quibus
1613 1146 1791 1201 supra
1834 1128 2026 1203 recepi
2096 1130 2168 1185 ab
2238 1128 2543 1186 heredibus
2609 1128 2705 1185 dfii
2774 1128 2938 1186 Skel-

560 1230 696 1284 meri
742 1230 1035 1303 quondam
1067 1228 1354 1302 Prepositi
1402 1226 1801 1286 Roskildensis
1846 1228 2108 1302 predicti,
2155 1229 2374 1285 dudum
2418 1228 2744 1284 collectoris
2790 1228 2937 1284 eius-

557 1331 686 1386 dem
732 1330 952 1386 dec-ime
996 1330 1050 1385 in
1098 1329 1357 1403 predicta
1403 1328 1616 1383 diocesi
1664 1348 1769 1404 per
1823 1348 2027 1387 manus
2072 1330 2317 1386 dfiorum
2367 1330 2602 1385 Hem-ici
2649 1330 2720 1385 de
2765 1331 2938 1386 Nest-

556 1431 735 1487 wcdis
779 1430 1056 1505 prepositi
1104 1437 1160 1485 et
1201 1428 1361 1484 Petri
1408 1430 1587 1486 herba
1631 1425 2021 1487 archidiacdni
2090 1430 2331 1488 ecclesie
2397 1430 2791 1489 Roskildensis
2858 1461 2936 1467 —

556 1531 705 1606 xvij.
754 1550 928 1588 marc.
973 1549 1092 1605 arg.
1139 1529 1410 1605 ponderis
1457 1528 1838 1588 Coloniensis.

1197 1631 1441 1705 Recepit
1473 1630 1926 1704 jnstrumentum
1967 1632 2289 1691 Johannes.

723 1818 869 1874 Item
916 1837 1067 1873 anno
1111 1827 1167 1872 et
1210 1817 1301 1873 dic
1345 1817 1557 1891 quibus
1599 1837 1777 1892 supra
1821 1817 2038 1892 Recepi
2079 1817 2151 1874 ab
2177 1818 2486 1875 heredibus
2512 1817 2606 1874 dfii
2642 1819 2938 1875 Bondonis

555 1919 756 1975 decani
805 1920 1098 1994 quondam
1144 1917 1385 1973 ecclesie
1429 1917 1826 1975 Roskildensis
1888 1918 2109 1994 pridem
2158 1917 2483 1977 collectoris
2530 1919 2785 1976 eiusdem
2835 1921 2936 1976 de·

554 2020 700 2076 cime
744 2020 1074 2077 sexannalis
1119 2020 1189 2075 de
1233 2017 1481 2093 receptis
1522 2038 1626 2094 per
1670 2018 1888 2075 dictum
1936 2020 2221 2077 decanum
2269 2047 2350 2056 —
2395 2037 2465 2076 .v.
2513 2038 2688 2077 marc.
2747 2028 2803 2077 et
2858 2020 2933 2094 .ij.

555 2139 635 2179 or.
683 2140 806 2197 arg.
856 2121 1123 2197 ponderis
1168 2118 1548 2177 Coloniensis.

1193 2219 1438 2295 Recepit
1467 2218 1921 2292 jnstrumentum
1964 2220 2288 2278 Johannes.

720 2407 865 2464 Item
913 2407 1129 2482 Recepi
1177 2427 1213 2462 a
1257 2406 1371 2462 dfio
1418 2405 1704 2463 Nicholao
1751 2404 1933 2478 Spink
1981 2405 2320 2480 presbytero
2364 2405 2763 2464 Roskildensis
2809 2409 2930 2464 dio·

554 2509 697 2565 cesis
742 2509 1065 2565 collectoris
1109 2507 1398 2564 fructuum
1447 2506 1688 2563 ecclesie
1739 2505 2014 2579 Eggeslef
2056 2506 2152 2561 dfii
2198 2506 2484 2564 Johannis
2547 2507 2774 2564 Somari
2818 2509 2930 2567 Ca·

554 2611 742 2667 nonici
785 2608 1180 2667 Roskildensis
1223 2609 1443 2685 pridem
1493 2606 1818 2665 collectoris
1889 2606 2108 2663 decime
2176 2606 2506 2664 sexannalis
2573 2607 2628 2663 in
2698 2609 2933 2667 ciuitate

552 2722 609 2768 et
653 2712 867 2769 diocesi
915 2710 1390 2769 Roskildensibus
1447 2729 1550 2783 pro
1617 2717 1870 2766 restante
1935 2728 2160 2764 summa
2227 2709 2473 2782 pecunie
2540 2719 2775 2785 recepta
2832 2732 2935 2786 per

553 2814 794 2870 eundem
843 2813 977 2869 ‹liim
1023 2812 1351 2869 Johannem
1398 2810 1623 2869 Somari
1666 2811 1737 2865 de
1784 2808 1937 2864 dicta
1983 2808 2209 2864 decima
2248 2836 2331 2844 —
2379 2809 2518 2882 ‚iiijq‘
2570 2828 2744 2868 marc.
2808 2832 2929 2887 arg.

552 2915 824 2989 ponderis
869 2913 1229 2972 Coloniensis
1268 2931 1400 2968 cum
1445 2910 1496 2984 .j.
1540 2911 1724 2968 solido
1769 2928 1952 2985 grOSS.
1998 2909 2442 2966 Turonensium.

1491 3014 1713 3071 Habuit
1754 3011 1992 3068 litteras.

717 3194 863 3257 Item
911 3217 1062 3255 anno
1110 3198 1205 3255 dfii
1252 3206 1354 3254 .m0.
1398 3206 1524 3255 ccc0.
1569 3196 1801 3269 xxxiiij‘!
1847 3195 1937 3252 die
1985 3194 2226 3254 sabbati
2251 3194 2424 3251 .xxvi.
2450 3195 2663 3269 Martij.
2710 3199 2927 3275 Recepi

549 3321 585 3358 a
630 3302 744 3358 dfio
789 3299 1043 3357 Henrico
1089 3300 1160 3356 de
1204 3298 1534 3356 Nestwedis
1578 3297 1886 3373 Preposito
1922 3308 1978 3353 et
2003 3296 2276 3353 Johanne
2298 3295 2445 3353 Juul
2470 3299 2751 3356 canonico
2774 3300 2928 3358 Ros-

548 3401 901 3459 kildensibus
948 3400 1353 3458 collectoribus
1396 3398 1757 3456 residuorum
1805 3397 1955 3455 dicte
2002 3395 2222 3453 (.ecime
2268 3396 2596 3453 sexannalis
2650 3425 2716 3433 -
2774 3420 2929 3458 .XXV.

548 3521 724 3558 marc.
772 3519 892 3576 arg.
938 3500 1207 3575 ponderis
1254 3499 1616 3559 Coloniensis
1662 3519 1793 3557 cum
1838 3497 1930 3572 .iij.
1967 3498 2070 3554 sol.
2120 3507 2176 3553 et
2222 3497 2360 3571 .iiij0.r
2390 3498 2518 3553 den.
2562 3515 2745 3572 gross.
2785 3503 2928 3560 Tur.

1193 3600 1438 3675 Recepit
1469 3598 1922 3673 jnstrumentum
1968 3600 2284 3657 JolianneS.

718 3789 861 3845 Item
908 3787 1124 3862 Recepi
1170 3789 1243 3845 ab
1287 3787 1499 3844 eisdem
1546 3786 1779 3843 racione
1826 3786 1977 3842 dicte
2034 3785 2255 3844 decime
2321 3808 2472 3845 anno
2544 3804 2660 3861 quo
2726 3806 2921 3863 supra.

546 3890 638 3946 die
683 3890 803 3965 .vij¹!
848 3889 1068 3963 Aprilis
1128 3909 1231 3964 per
1296 3907 1499 3944 manus
1565 3888 1771 3945 Asceri
1841 3885 2031 3943 clerici
2100 3885 2189 3943 sui
2239 3918 2314 3924 —
2358 3887 2530 3961 .xxiij.
2582 3907 2755 3946 marc.
2802 3909 2926 3963 arg.

544 3992 815 4065 ponderis
860 3990 1221 4051 Coloniensis
1267 4008 1398 4047 cum
1443 3987 1533 4062 .iij.
1578 3988 1680 4046 sol.
1752 4000 1809 4044 et
1864 3987 2003 4063 .iiij0.r
2054 3989 2182 4046 den.
2246 4007 2428 4063 gross.
2497 3990 2924 4048 Turonensium

546 4111 676 4149 cum
723 4092 773 4166 .j.
820 4091 1114 4166 sterlingo.

714 4192 935 4249 Habuit
978 4192 1198 4248 litteras
1243 4190 1392 4247 idem
1437 4190 1681 4248 clericus
1724 4210 1829 4265 pro
1874 4190 2011 4265 ipsis
2078 4190 2206 4248 dfiis
2272 4190 2697 4249 Collectoribus
2761 4194 2925 4249 datas

544 4296 600 4350 in
648 4292 789 4350 uilla
833 4293 1174 4366 Malmogha
1218 4291 1542 4349 Lundensis
1582 4292 1828 4349 diocesis
1874 4291 1972 4349 ubi
2017 4291 2327 4349 Notarium
2377 4311 2488 4348 non
2535 4293 2840 4350 habebam.

1511 4478 1753 4553 ,lxxiiijer
1782 4496 1957 4535 marc.
2003 4486 2060 4533 et
2102 4476 2177 4549 .ij.
2221 4496 2304 4534 or.
2350 4495 2470 4552 arg.
2504 4478 2775 4553 ponderis
2809 4478 2922 4537 Co·

1592 4563 1884 4621 loniensis.

1509 4647 1640 4722 .viij.
1683 4648 1789 4706 sol.
1837 4644 1955 4720 viij.
2003 4645 2129 4701 den.
2176 4644 2396 4704 Turon.
2463 4665 2611 4704 cum.
2681 4666 2813 4704 cum
2870 4647 2923 4721 .j.

1590 4732 1884 4808 sterlingO.

547 4597 700 4678 [ap]
749 4605 989 4664 Summa
1032 4605 1201 4662 huius
1245 4604 1455 4681 pagine

3518 2638 3534 2719 ¹11*
