<?xml version="1.0" encoding="UTF-8"?>
<!DOCTYPE html PUBLIC "-//W3C//DTD XHTML 1.0 Transitional//EN"
    "http://www.w3.org/TR/xhtml1/DTD/xhtml1-transitional.dtd">
<html xmlns="http://www.w3.org/1999/xhtml" xml:lang="en" lang="en">
 <head>
  <title>
</title>
<meta http-equiv="Content-Type" content="text/html;charset=utf-8" />
  <meta name='ocr-system' content='tesseract 3.04.00' />
  <meta name='ocr-capabilities' content='ocr_page ocr_carea ocr_par ocr_line ocrx_word'/>
</head>
<body>
  <div class='ocr_page' id='page_1' title='image "./paveligenuntier00kildgoog_0124.png"; bbox 0 0 3534 5361; ppageno 0'>
   <div class='ocr_carea' id='block_1_1' title="bbox 457 2654 519 2691">
    <p class='ocr_par' dir='ltr' id='par_1_1' title="bbox 457 2654 519 2691">
     <span class='ocr_line' id='line_1_1' title="bbox 457 2654 519 2691; baseline -0.032 0"><span class='ocrx_word' id='word_1_1' title='bbox 457 2654 519 2691; x_wconf 80' lang='lat' dir='ltr'><strong>fol.</strong></span> 
     </span>
    </p>
   </div>
   <div class='ocr_carea' id='block_1_2' title="bbox 527 2652 629 2691">
    <p class='ocr_par' dir='ltr' id='par_1_2' title="bbox 527 2652 629 2691">
     <span class='ocr_line' id='line_1_2' title="bbox 527 2652 629 2691; baseline 0 0"><span class='ocrx_word' id='word_1_2' title='bbox 527 2652 629 2691; x_wconf 79' lang='lat' dir='ltr'><strong>73.n.</strong></span> 
     </span>
    </p>
   </div>
   <div class='ocr_carea' id='block_1_3' title="bbox 1759 331 1875 386">
    <p class='ocr_par' dir='ltr' id='par_1_3' title="bbox 1759 331 1875 386">
     <span class='ocr_line' id='line_1_3' title="bbox 1759 331 1875 386; baseline 0 0"><span class='ocrx_word' id='word_1_3' title='bbox 1759 331 1875 386; x_wconf 88' lang='lat'><strong>108</strong></span> 
     </span>
    </p>
   </div>
   <div class='ocr_carea' id='block_1_4' title="bbox 634 511 2996 672">
    <p class='ocr_par' dir='ltr' id='par_1_4' title="bbox 634 511 2996 672">
     <span class='ocr_line' id='line_1_4' title="bbox 634 511 2996 595; baseline 0.003 -26"><span class='ocrx_word' id='word_1_4' title='bbox 634 511 1059 570; x_wconf 89' lang='lat' dir='ltr'><strong>Turonensium</strong></span> <span class='ocrx_word' id='word_1_5' title='bbox 1103 531 1233 570; x_wconf 90' lang='lat' dir='ltr'><strong>eum</strong></span> <span class='ocrx_word' id='word_1_6' title='bbox 1278 511 1392 587; x_wconf 89' lang='lat' dir='ltr'><strong>.iiij.</strong></span> <span class='ocrx_word' id='word_1_7' title='bbox 1436 513 1741 589; x_wconf 88' lang='lat' dir='ltr'><strong>sterlingis.</strong></span> <span class='ocrx_word' id='word_1_8' title='bbox 1787 517 2176 590; x_wconf 89' lang='lat' dir='ltr'><strong>computando</strong></span> <span class='ocrx_word' id='word_1_9' title='bbox 2207 516 2311 575; x_wconf 89' lang='lat' dir='ltr'><strong>sol.</strong></span> <span class='ocrx_word' id='word_1_10' title='bbox 2353 537 2684 594; x_wconf 90' lang='lat' dir='ltr'><strong>grossorum</strong></span> <span class='ocrx_word' id='word_1_11' title='bbox 2738 540 2844 595; x_wconf 91' lang='lat' dir='ltr'><strong>pro</strong></span> <span class='ocrx_word' id='word_1_12' title='bbox 2902 520 2996 576; x_wconf 89' lang='lat' dir='ltr'><strong>.ix.</strong></span> 
     </span>
     <span class='ocr_line' id='line_1_5' title="bbox 634 612 1229 672; baseline 0.002 -2"><span class='ocrx_word' id='word_1_13' title='bbox 634 612 748 671; x_wconf 89' lang='lat' dir='ltr'><strong>oris</strong></span> <span class='ocrx_word' id='word_1_14' title='bbox 792 612 943 672; x_wconf 89' lang='lat' dir='ltr'><strong>dicte</strong></span> <span class='ocrx_word' id='word_1_15' title='bbox 988 620 1229 671; x_wconf 89' lang='lat' dir='ltr'><strong>monete.</strong></span> 
     </span>
    </p>
   </div>
   <div class='ocr_carea' id='block_1_5' title="bbox 2097 868 2998 1153">
    <p class='ocr_par' dir='ltr' id='par_1_5' title="bbox 2097 868 2998 1153">
     <span class='ocr_line' id='line_1_6' title="bbox 2097 868 2998 948; baseline 0.004 -22"><span class='ocrx_word' id='word_1_16' title='bbox 2097 868 2231 944; x_wconf 83' lang='lat' dir='ltr'><strong>.xiij.</strong></span> <span class='ocrx_word' id='word_1_17' title='bbox 2276 869 2407 927; x_wconf 87' lang='lat' dir='ltr'><strong>libr.</strong></span> <span class='ocrx_word' id='word_1_18' title='bbox 2452 871 2608 947; x_wconf 88' lang='lat' dir='ltr'><strong>xviij.</strong></span> <span class='ocrx_word' id='word_1_19' title='bbox 2653 874 2757 932; x_wconf 89' lang='lat' dir='ltr'><strong>sol.</strong></span> <span class='ocrx_word' id='word_1_20' title='bbox 2801 882 2859 931; x_wconf 93' lang='lat' dir='ltr'><strong>et</strong></span> <span class='ocrx_word' id='word_1_21' title='bbox 2905 873 2998 948; x_wconf 87' lang='lat' dir='ltr'><strong>.xj.</strong></span> 
     </span>
     <span class='ocr_line' id='line_1_7' title="bbox 2181 970 2997 1048; baseline 0.006 -21"><span class='ocrx_word' id='word_1_22' title='bbox 2181 970 2308 1028; x_wconf 92' lang='lat' dir='ltr'><strong>den.</strong></span> <span class='ocrx_word' id='word_1_23' title='bbox 2351 991 2531 1048; x_wconf 88' lang='lat' dir='ltr'><strong>gross.</strong></span> <span class='ocrx_word' id='word_1_24' title='bbox 2574 974 2997 1034; x_wconf 88' lang='lat' dir='ltr'><strong>Turonensium</strong></span> 
     </span>
     <span class='ocr_line' id='line_1_8' title="bbox 2180 1074 2727 1153; baseline 0.013 -25"><span class='ocrx_word' id='word_1_25' title='bbox 2180 1090 2311 1129; x_wconf 89' lang='lat' dir='ltr'><strong>cum</strong></span> <span class='ocrx_word' id='word_1_26' title='bbox 2356 1074 2406 1148; x_wconf 87' lang='lat' dir='ltr'><strong>.j.</strong></span> <span class='ocrx_word' id='word_1_27' title='bbox 2451 1075 2727 1153; x_wconf 88' lang='lat' dir='ltr'><strong>sterlingo</strong></span> 
     </span>
    </p>
   </div>
   <div class='ocr_carea' id='block_1_6' title="bbox 633 796 2086 1398">
    <p class='ocr_par' dir='ltr' id='par_1_6' title="bbox 852 796 2086 1202">
     <span class='ocr_line' id='line_1_9' title="bbox 852 796 2086 1202; baseline 0 -327"><span class='ocrx_word' id='word_1_28' title='bbox 852 837 855 842; x_wconf 19' lang='grc' dir='ltr'><em>Α</em></span> <span class='ocrx_word' id='word_1_29' title='bbox 885 809 1173 888; x_wconf 88' lang='lat' dir='ltr'><strong>[Summa]</strong></span> <span class='ocrx_word' id='word_1_30' title='bbox 1198 815 1565 876; x_wconf 82' lang='lat' dir='ltr'><strong>Summarum</strong></span> <span class='ocrx_word' id='word_1_31' title='bbox 1588 817 1963 892; x_wconf 82' lang='lat' dir='ltr'><strong>pecuniarum</strong></span> <span class='ocrx_word' id='word_1_32' title='bbox 1988 796 2086 1202; x_wconf 61' lang='lat' dir='ltr'><strong>et{</strong></span> 
     </span>
     <span class='ocr_line' id='line_1_10' title="bbox 883 917 2042 994; baseline 0 -19"><span class='ocrx_word' id='word_1_33' title='bbox 883 919 1106 992; x_wconf 82' lang='lat' dir='ltr'><strong>argenti</strong></span> <span class='ocrx_word' id='word_1_34' title='bbox 1150 918 1222 975; x_wconf 91' lang='lat' dir='ltr'><strong>de</strong></span> <span class='ocrx_word' id='word_1_35' title='bbox 1282 917 1489 992; x_wconf 88' lang='lat' dir='ltr'><strong>legatis</strong></span> <span class='ocrx_word' id='word_1_36' title='bbox 1553 927 1918 994; x_wconf 75' lang='lat' dir='ltr'><strong>receptorum</strong></span> <span class='ocrx_word' id='word_1_37' title='bbox 1986 919 2042 975; x_wconf 92' lang='lat' dir='ltr'><strong>in</strong></span> 
     </span>
     <span class='ocr_line' id='line_1_11' title="bbox 882 1018 2042 1095; baseline 0.002 -18"><span class='ocrx_word' id='word_1_38' title='bbox 882 1020 1086 1093; x_wconf 88' lang='lat' dir='ltr'><strong>Regno</strong></span> <span class='ocrx_word' id='word_1_39' title='bbox 1152 1018 1358 1078; x_wconf 89' lang='lat' dir='ltr'><strong>Suecie</strong></span> <span class='ocrx_word' id='word_1_40' title='bbox 1424 1020 1496 1076; x_wconf 89' lang='lat' dir='ltr'><strong>ad</strong></span> <span class='ocrx_word' id='word_1_41' title='bbox 1563 1038 1794 1095; x_wconf 85' lang='lat' dir='ltr'><strong>grossos</strong></span> <span class='ocrx_word' id='word_1_42' title='bbox 1838 1021 2042 1079; x_wconf 88' lang='lat' dir='ltr'><strong>reduc-</strong></span> 
     </span>
    </p>

    <p class='ocr_par' dir='ltr' id='par_1_7' title="bbox 633 1113 1072 1196">
     <span class='ocr_line' id='line_1_12' title="bbox 633 1113 1072 1196; baseline 0 -19"><span class='ocrx_word' id='word_1_43' title='bbox 633 1113 786 1196; x_wconf 84' lang='lat' dir='ltr'><strong>[ap.]</strong></span> <span class='ocrx_word' id='word_1_44' title='bbox 881 1130 1072 1179; x_wconf 88' lang='lat' dir='ltr'><strong>torum</strong></span> 
     </span>
    </p>

    <p class='ocr_par' dir='ltr' id='par_1_8' title="bbox 884 1322 2043 1398">
     <span class='ocr_line' id='line_1_13' title="bbox 884 1322 2043 1398; baseline -0.002 -14"><span class='ocrx_word' id='word_1_45' title='bbox 884 1324 1126 1384; x_wconf 90' lang='lat' dir='ltr'><strong>Summa</strong></span> <span class='ocrx_word' id='word_1_46' title='bbox 1180 1352 1240 1361; x_wconf 93' lang='lat'><strong>—</strong></span> <span class='ocrx_word' id='word_1_47' title='bbox 1286 1322 1412 1379; x_wconf 87' lang='lat' dir='ltr'><strong>auri</strong></span> <span class='ocrx_word' id='word_1_48' title='bbox 1480 1322 1551 1380; x_wconf 91' lang='lat' dir='ltr'><strong>de</strong></span> <span class='ocrx_word' id='word_1_49' title='bbox 1607 1322 1775 1381; x_wconf 89' lang='lat' dir='ltr'><strong>dictis</strong></span> <span class='ocrx_word' id='word_1_50' title='bbox 1838 1324 2043 1398; x_wconf 86' lang='lat' dir='ltr'><strong>legatis</strong></span> 
     </span>
    </p>
   </div>
   <div class='ocr_carea' id='block_1_7' title="bbox 884 1317 2660 1501">
    <p class='ocr_par' dir='ltr' id='par_1_9' title="bbox 884 1317 2660 1501">
     <span class='ocr_line' id='line_1_14' title="bbox 884 1317 2660 1501; baseline -0.017 -18"><span class='ocrx_word' id='word_1_51' title='bbox 884 1425 1102 1501; x_wconf 83' lang='lat' dir='ltr'><strong>recepti</strong></span> <span class='ocrx_word' id='word_1_52' title='bbox 1147 1425 1202 1482; x_wconf 90' lang='lat' dir='ltr'><strong>in</strong></span> <span class='ocrx_word' id='word_1_53' title='bbox 1249 1425 1450 1483; x_wconf 90' lang='lat' dir='ltr'><strong>eodem</strong></span> <span class='ocrx_word' id='word_1_54' title='bbox 1495 1424 1699 1500; x_wconf 84' lang='lat' dir='ltr'><strong>Regno</strong></span> <span class='ocrx_word' id='word_1_55' title='bbox 1748 1424 1956 1484; x_wconf 88' lang='lat' dir='ltr'><strong>Suecie</strong></span> <span class='ocrx_word' id='word_1_56' title='bbox 2053 1317 2190 1475; x_wconf 58' lang='lat'>{³¹³⁰</span> <span class='ocrx_word' id='word_1_57' title='bbox 2234 1376 2431 1435; x_wconf 63' lang='lat' dir='ltr'>floren·</span> <span class='ocrx_word' id='word_1_58' title='bbox 2476 1398 2660 1455; x_wconf 65' lang='lat' dir='ltr'><strong>Parm-</strong></span> 
     </span>
    </p>
   </div>
   <div class='ocr_carea' id='block_1_8' title="bbox 634 1726 2045 2120">
    <p class='ocr_par' dir='ltr' id='par_1_10' title="bbox 885 1726 2043 1805">
     <span class='ocr_line' id='line_1_15' title="bbox 885 1726 2043 1805; baseline -0.002 -17"><span class='ocrx_word' id='word_1_59' title='bbox 885 1729 1109 1805; x_wconf 90' lang='lat' dir='ltr'><strong>argenti</strong></span> <span class='ocrx_word' id='word_1_60' title='bbox 1153 1729 1224 1785; x_wconf 93' lang='lat' dir='ltr'><strong>de</strong></span> <span class='ocrx_word' id='word_1_61' title='bbox 1266 1726 1473 1803; x_wconf 70' lang='lat' dir='ltr'><strong>legat-is</strong></span> <span class='ocrx_word' id='word_1_62' title='bbox 1515 1727 1790 1802; x_wconf 76' lang='lat' dir='ltr'><strong>predictis</strong></span> <span class='ocrx_word' id='word_1_63' title='bbox 1825 1728 1882 1785; x_wconf 92' lang='lat' dir='ltr'><strong>in</strong></span> <span class='ocrx_word' id='word_1_64' title='bbox 1908 1730 2043 1786; x_wconf 90' lang='lat' dir='ltr'><strong>sub-</strong></span> 
     </span>
    </p>

    <p class='ocr_par' dir='ltr' id='par_1_11' title="bbox 885 1831 2042 1905">
     <span class='ocr_line' id='line_1_16' title="bbox 885 1831 2042 1905; baseline 0 -17"><span class='ocrx_word' id='word_1_65' title='bbox 885 1831 1091 1889; x_wconf 88' lang='lat' dir='ltr'><strong>sidium</strong></span> <span class='ocrx_word' id='word_1_66' title='bbox 1135 1837 1285 1888; x_wconf 89' lang='lat' dir='ltr'><strong>terre</strong></span> <span class='ocrx_word' id='word_1_67' title='bbox 1349 1840 1549 1891; x_wconf 87' lang='lat' dir='ltr'><strong>sancte</strong></span> <span class='ocrx_word' id='word_1_68' title='bbox 1613 1832 1780 1891; x_wconf 86' lang='lat' dir='ltr'><strong>factis</strong></span> <span class='ocrx_word' id='word_1_69' title='bbox 1843 1849 2042 1905; x_wconf 89' lang='lat' dir='ltr'><strong>recep-</strong></span> 
     </span>
    </p>

    <p class='ocr_par' dir='ltr' id='par_1_12' title="bbox 634 1931 2045 2120">
     <span class='ocr_line' id='line_1_17' title="bbox 884 1931 2045 2010; baseline 0.001 -22"><span class='ocrx_word' id='word_1_70' title='bbox 884 1941 1074 1990; x_wconf 89' lang='lat' dir='ltr'><strong>torum</strong></span> <span class='ocrx_word' id='word_1_71' title='bbox 1117 1931 1176 1988; x_wconf 90' lang='lat' dir='ltr'><strong>in</strong></span> <span class='ocrx_word' id='word_1_72' title='bbox 1233 1933 1399 1992; x_wconf 86' lang='lat' dir='ltr'><strong>dictis</strong></span> <span class='ocrx_word' id='word_1_73' title='bbox 1463 1935 1680 2010; x_wconf 87' lang='lat' dir='ltr'><strong>Regnis</strong></span> <span class='ocrx_word' id='word_1_74' title='bbox 1741 1933 1928 1992; x_wconf 90' lang='lat' dir='ltr'><strong>Dacie</strong></span> <span class='ocrx_word' id='word_1_75' title='bbox 1987 1942 2045 1990; x_wconf 92' lang='lat' dir='ltr'><strong>et</strong></span> 
     </span>
     <span class='ocr_line' id='line_1_18' title="bbox 634 2033 1894 2120; baseline -0.002 -26"><span class='ocrx_word' id='word_1_76' title='bbox 634 2044 765 2120; x_wconf 63' lang='lat'><strong><em>[⁰12]</em></strong></span> <span class='ocrx_word' id='word_1_77' title='bbox 887 2033 1092 2093; x_wconf 89' lang='lat' dir='ltr'><strong>Suecie</strong></span> <span class='ocrx_word' id='word_1_78' title='bbox 1135 2036 1209 2093; x_wconf 89' lang='lat' dir='ltr'><strong>ad</strong></span> <span class='ocrx_word' id='word_1_79' title='bbox 1249 2054 1480 2110; x_wconf 87' lang='lat' dir='ltr'><strong>grossos</strong></span> <span class='ocrx_word' id='word_1_80' title='bbox 1521 2036 1894 2095; x_wconf 88' lang='lat' dir='ltr'><strong>reductorum</strong></span> 
     </span>
    </p>
   </div>
   <div class='ocr_carea' id='block_1_9' title="bbox 2094 1728 2997 2009">
    <p class='ocr_par' dir='ltr' id='par_1_13' title="bbox 2094 1728 2997 2009">
     <span class='ocr_line' id='line_1_19' title="bbox 2097 1728 2997 1808; baseline 0.004 -23"><span class='ocrx_word' id='word_1_81' title='bbox 2097 1728 2250 1803; x_wconf 87' lang='lat' dir='ltr'><strong>.xxij.</strong></span> <span class='ocrx_word' id='word_1_82' title='bbox 2294 1730 2422 1787; x_wconf 89' lang='lat' dir='ltr'><strong>libr.</strong></span> <span class='ocrx_word' id='word_1_83' title='bbox 2473 1731 2567 1807; x_wconf 91' lang='lat' dir='ltr'><strong>.iij.</strong></span> <span class='ocrx_word' id='word_1_84' title='bbox 2630 1733 2761 1790; x_wconf 87' lang='lat' dir='ltr'><strong>den.</strong></span> <span class='ocrx_word' id='word_1_85' title='bbox 2818 1751 2997 1808; x_wconf 87' lang='lat' dir='ltr'><strong>gross.</strong></span> 
     </span>
     <span class='ocr_line' id='line_1_20' title="bbox 2098 1832 2996 1909; baseline 0.003 -20"><span class='ocrx_word' id='word_1_86' title='bbox 2098 1832 2525 1891; x_wconf 89' lang='lat' dir='ltr'><strong>Turonensium</strong></span> <span class='ocrx_word' id='word_1_87' title='bbox 2570 1853 2701 1892; x_wconf 90' lang='lat' dir='ltr'><strong>cum</strong></span> <span class='ocrx_word' id='word_1_88' title='bbox 2744 1833 2795 1909; x_wconf 90' lang='lat' dir='ltr'><strong>.j.</strong></span> <span class='ocrx_word' id='word_1_89' title='bbox 2854 1841 2996 1892; x_wconf 87' lang='lat' dir='ltr'><strong>ster-</strong></span> 
     </span>
     <span class='ocr_line' id='line_1_21' title="bbox 2094 1933 2270 2009; baseline 0.017 -19"><span class='ocrx_word' id='word_1_90' title='bbox 2094 1933 2270 2009; x_wconf 82' lang='lat' dir='ltr'><strong>linge.</strong></span> 
     </span>
    </p>
   </div>
   <div class='ocr_carea' id='block_1_10' title="bbox 679 2235 2043 2517">
    <p class='ocr_par' dir='ltr' id='par_1_14' title="bbox 679 2235 2043 2517">
     <span class='ocr_line' id='line_1_22' title="bbox 679 2235 2043 2332; baseline 0.001 -37"><span class='ocrx_word' id='word_1_91' title='bbox 679 2235 761 2332; x_wconf 58' lang='grc' dir='ltr'><em>ὅ</em></span> <span class='ocrx_word' id='word_1_92' title='bbox 902 2266 951 2272; x_wconf 48' lang='lat'><strong>*-</strong></span> <span class='ocrx_word' id='word_1_93' title='bbox 1010 2237 1251 2296; x_wconf 86' lang='lat' dir='ltr'><strong>Summa</strong></span> <span class='ocrx_word' id='word_1_94' title='bbox 1293 2257 1648 2296; x_wconf 89' lang='lat' dir='ltr'><strong>summarum</strong></span> <span class='ocrx_word' id='word_1_95' title='bbox 1693 2237 1883 2296; x_wconf 88' lang='lat' dir='ltr'><strong>tocius</strong></span> <span class='ocrx_word' id='word_1_96' title='bbox 1918 2237 2043 2296; x_wconf 86' lang='lat' dir='ltr'><strong>auri</strong></span> 
     </span>
     <span class='ocr_line' id='line_1_23' title="bbox 887 2337 2042 2417; baseline 0.003 -23"><span class='ocrx_word' id='word_1_97' title='bbox 887 2338 957 2395; x_wconf 90' lang='lat' dir='ltr'><strong>de</strong></span> <span class='ocrx_word' id='word_1_98' title='bbox 1002 2338 1214 2397; x_wconf 88' lang='lat' dir='ltr'><strong>eisdem</strong></span> <span class='ocrx_word' id='word_1_99' title='bbox 1257 2337 1464 2415; x_wconf 88' lang='lat' dir='ltr'><strong>legatis</strong></span> <span class='ocrx_word' id='word_1_100' title='bbox 1486 2341 1702 2417; x_wconf 86' lang='lat' dir='ltr'><strong>recepti</strong></span> <span class='ocrx_word' id='word_1_101' title='bbox 1725 2340 1783 2396; x_wconf 91' lang='lat' dir='ltr'><strong>in</strong></span> <span class='ocrx_word' id='word_1_102' title='bbox 1807 2339 2042 2416; x_wconf 85' lang='lat' dir='ltr'><strong>Regnis‚</strong></span> 
     </span>
     <span class='ocr_line' id='line_1_24' title="bbox 885 2439 1820 2517; baseline 0.001 -20"><span class='ocrx_word' id='word_1_103' title='bbox 885 2439 1072 2497; x_wconf 88' lang='lat' dir='ltr'><strong>Dacie</strong></span> <span class='ocrx_word' id='word_1_104' title='bbox 1115 2450 1173 2498; x_wconf 92' lang='lat' dir='ltr'><strong>et</strong></span> <span class='ocrx_word' id='word_1_105' title='bbox 1216 2440 1427 2502; x_wconf 89' lang='lat' dir='ltr'><strong>Suecie</strong></span> <span class='ocrx_word' id='word_1_106' title='bbox 1471 2441 1820 2517; x_wconf 88' lang='lat' dir='ltr'><strong>supradictis</strong></span> 
     </span>
    </p>
   </div>
   <div class='ocr_carea' id='block_1_11' title="bbox 2098 2288 3001 2365">
    <p class='ocr_par' dir='ltr' id='par_1_15' title="bbox 2098 2288 3001 2365">
     <span class='ocr_line' id='line_1_25' title="bbox 2098 2288 3001 2365; baseline 0.002 -19"><span class='ocrx_word' id='word_1_107' title='bbox 2098 2288 2191 2363; x_wconf 86' lang='lat' dir='ltr'><strong>.iij.</strong></span> <span class='ocrx_word' id='word_1_108' title='bbox 2234 2288 2432 2346; x_wconf 89' lang='lat' dir='ltr'><strong>floreni</strong></span> <span class='ocrx_word' id='word_1_109' title='bbox 2471 2290 2644 2364; x_wconf 84' lang='lat' dir='ltr'><strong>parui</strong></span> <span class='ocrx_word' id='word_1_110' title='bbox 2681 2289 2732 2365; x_wconf 90' lang='lat' dir='ltr'><strong>.j.</strong></span> <span class='ocrx_word' id='word_1_111' title='bbox 2758 2290 3001 2348; x_wconf 79' lang='lat' dir='ltr'><strong>frustum</strong></span> 
     </span>
    </p>
   </div>
   <div class='ocr_carea' id='block_1_12' title="bbox 886 1620 2956 2495">
    <p class='ocr_par' dir='ltr' id='par_1_16' title="bbox 886 1620 2956 2495">
     <span class='ocr_line' id='line_1_26' title="bbox 886 1620 2088 2109; baseline -0.002 -421"><span class='ocrx_word' id='word_1_112' title='bbox 886 1629 1126 1689; x_wconf 83' lang='lat' dir='ltr'><strong>Summa</strong></span> <span class='ocrx_word' id='word_1_113' title='bbox 1167 1645 1518 1685; x_wconf 87' lang='lat' dir='ltr'><strong>summarum</strong></span> <span class='ocrx_word' id='word_1_114' title='bbox 1562 1626 1945 1701; x_wconf 84' lang='lat' dir='ltr'><strong>pecuniarum</strong></span> <span class='ocrx_word' id='word_1_115' title='bbox 1989 1620 2088 2109; x_wconf 69' lang='lat' dir='ltr'><strong>et{</strong></span> 
     </span>
     <span class='ocr_line' id='line_1_27' title="bbox 2052 2232 2956 2495; baseline 0.001 -48"><span class='ocrx_word' id='word_1_116' title='bbox 2052 2232 2223 2495; x_wconf 76' lang='lat' dir='ltr'><strong>{auri</strong></span> <span class='ocrx_word' id='word_1_117' title='bbox 2266 2390 2537 2466; x_wconf 89' lang='lat' dir='ltr'><strong>ponderis</strong></span> <span class='ocrx_word' id='word_1_118' title='bbox 2580 2389 2712 2466; x_wconf 82' lang='lat' dir='ltr'><strong>.viij.</strong></span> <span class='ocrx_word' id='word_1_119' title='bbox 2757 2391 2956 2449; x_wconf 88' lang='lat' dir='ltr'><strong>floren.</strong></span> 
     </span>
    </p>
   </div>
   <div class='ocr_carea' id='block_1_13' title="bbox 629 2641 3002 3838">
    <p class='ocr_par' dir='ltr' id='par_1_17' title="bbox 630 2641 3000 3125">
     <span class='ocr_line' id='line_1_28' title="bbox 804 2641 3000 2721; baseline 0.002 -22"><span class='ocrx_word' id='word_1_120' title='bbox 804 2641 955 2701; x_wconf 93' lang='lat' dir='ltr'><strong>Item</strong></span> <span class='ocrx_word' id='word_1_121' title='bbox 996 2652 1228 2720; x_wconf 90' lang='lat' dir='ltr'><strong>recepte</strong></span> <span class='ocrx_word' id='word_1_122' title='bbox 1273 2644 1344 2703; x_wconf 93' lang='lat' dir='ltr'><strong>de</strong></span> <span class='ocrx_word' id='word_1_123' title='bbox 1387 2642 1595 2703; x_wconf 90' lang='lat' dir='ltr'><strong>debitis</strong></span> <span class='ocrx_word' id='word_1_124' title='bbox 1637 2643 1890 2721; x_wconf 88' lang='lat' dir='ltr'><strong>antiquis</strong></span> <span class='ocrx_word' id='word_1_125' title='bbox 1933 2661 2036 2703; x_wconf 89' lang='lat' dir='ltr'><strong>seu</strong></span> <span class='ocrx_word' id='word_1_126' title='bbox 2078 2641 2336 2720; x_wconf 88' lang='lat' dir='ltr'><strong>pecunijs</strong></span> <span class='ocrx_word' id='word_1_127' title='bbox 2379 2662 2483 2720; x_wconf 90' lang='lat' dir='ltr'><strong>per</strong></span> <span class='ocrx_word' id='word_1_128' title='bbox 2524 2642 2756 2703; x_wconf 87' lang='lat' dir='ltr'><strong>fratrem</strong></span> <span class='ocrx_word' id='word_1_129' title='bbox 2779 2643 2822 2704; x_wconf 84' lang='lat' dir='ltr'>J</span> <span class='ocrx_word' id='word_1_130' title='bbox 2824 2646 3000 2704; x_wconf 86' lang='lat' dir='ltr'><strong>ohan·</strong></span> 
     </span>
     <span class='ocr_line' id='line_1_29' title="bbox 633 2743 3000 2822; baseline 0.002 -22"><span class='ocrx_word' id='word_1_131' title='bbox 633 2762 765 2801; x_wconf 90' lang='lat' dir='ltr'><strong>nem</strong></span> <span class='ocrx_word' id='word_1_132' title='bbox 814 2743 884 2801; x_wconf 89' lang='lat' dir='ltr'><strong>de</strong></span> <span class='ocrx_word' id='word_1_133' title='bbox 929 2743 1145 2804; x_wconf 85' lang='lat' dir='ltr'><strong>Serene</strong></span> <span class='ocrx_word' id='word_1_134' title='bbox 1188 2746 1452 2803; x_wconf 90' lang='lat' dir='ltr'><strong>Priorem</strong></span> <span class='ocrx_word' id='word_1_135' title='bbox 1490 2747 1561 2804; x_wconf 94' lang='lat' dir='ltr'><strong>de</strong></span> <span class='ocrx_word' id='word_1_136' title='bbox 1582 2745 1845 2822; x_wconf 80' lang='lat' dir='ltr'><strong>Figiaoo.</strong></span> <span class='ocrx_word' id='word_1_137' title='bbox 1889 2753 1945 2804; x_wconf 90' lang='lat' dir='ltr'><strong>et</strong></span> <span class='ocrx_word' id='word_1_138' title='bbox 1989 2746 2125 2803; x_wconf 78' lang='lat' dir='ltr'><strong>dfim</strong></span> <span class='ocrx_word' id='word_1_139' title='bbox 2148 2746 2510 2804; x_wconf 90' lang='lat' dir='ltr'><strong>Bernardum</strong></span> <span class='ocrx_word' id='word_1_140' title='bbox 2544 2747 2615 2803; x_wconf 93' lang='lat' dir='ltr'><strong>de</strong></span> <span class='ocrx_word' id='word_1_141' title='bbox 2640 2743 2862 2804; x_wconf 88' lang='lat' dir='ltr'><strong>Ortulis</strong></span> <span class='ocrx_word' id='word_1_142' title='bbox 2895 2746 3000 2804; x_wconf 93' lang='lat' dir='ltr'><strong>du-</strong></span> 
     </span>
     <span class='ocr_line' id='line_1_30' title="bbox 634 2845 2999 2923; baseline 0.002 -22"><span class='ocrx_word' id='word_1_143' title='bbox 634 2845 770 2902; x_wconf 92' lang='lat' dir='ltr'><strong>dum</strong></span> <span class='ocrx_word' id='word_1_144' title='bbox 815 2846 1130 2921; x_wconf 88' lang='lat' dir='ltr'><strong>apostolice</strong></span> <span class='ocrx_word' id='word_1_145' title='bbox 1172 2847 1323 2906; x_wconf 92' lang='lat' dir='ltr'><strong>sedis</strong></span> <span class='ocrx_word' id='word_1_146' title='bbox 1365 2847 1647 2920; x_wconf 82' lang='lat' dir='ltr'><strong>Nuncios‚</strong></span> <span class='ocrx_word' id='word_1_147' title='bbox 1693 2857 1893 2906; x_wconf 92' lang='lat' dir='ltr'><strong>mutuo</strong></span> <span class='ocrx_word' id='word_1_148' title='bbox 1939 2848 2089 2907; x_wconf 85' lang='lat' dir='ltr'><strong>datis</strong></span> <span class='ocrx_word' id='word_1_149' title='bbox 2133 2849 2248 2905; x_wconf 79' lang='lat' dir='ltr'><strong>diio</strong></span> <span class='ocrx_word' id='word_1_150' title='bbox 2291 2847 2471 2905; x_wconf 91' lang='lat' dir='ltr'><strong>Petro</strong></span> <span class='ocrx_word' id='word_1_151' title='bbox 2495 2847 2789 2923; x_wconf 89' lang='lat' dir='ltr'><strong>Episcopo</strong></span> <span class='ocrx_word' id='word_1_152' title='bbox 2829 2847 2999 2906; x_wconf 86' lang='lat' dir='ltr'><strong>Scar-</strong></span> 
     </span>
     <span class='ocr_line' id='line_1_31' title="bbox 634 2946 3000 3026; baseline 0.001 -23"><span class='ocrx_word' id='word_1_153' title='bbox 634 2946 754 3004; x_wconf 90' lang='lat' dir='ltr'><strong>ensi</strong></span> <span class='ocrx_word' id='word_1_154' title='bbox 800 2955 857 3003; x_wconf 91' lang='lat' dir='ltr'><strong>et</strong></span> <span class='ocrx_word' id='word_1_155' title='bbox 901 2948 1015 3005; x_wconf 82' lang='lat' dir='ltr'><strong>d&#39;fio</strong></span> <span class='ocrx_word' id='word_1_156' title='bbox 1059 2949 1317 3006; x_wconf 90' lang='lat' dir='ltr'><strong>Anundo</strong></span> <span class='ocrx_word' id='word_1_157' title='bbox 1362 2948 1539 3009; x_wconf 90' lang='lat' dir='ltr'><strong>Stura</strong></span> <span class='ocrx_word' id='word_1_158' title='bbox 1581 2948 1764 3021; x_wconf 77' lang='lat' dir='ltr'><strong>militi,</strong></span> <span class='ocrx_word' id='word_1_159' title='bbox 1809 2969 1878 3009; x_wconf 89' lang='lat' dir='ltr'><strong>ac</strong></span> <span class='ocrx_word' id='word_1_160' title='bbox 1944 2949 2343 3007; x_wconf 90' lang='lat' dir='ltr'><strong>Thidemanno</strong></span> <span class='ocrx_word' id='word_1_161' title='bbox 2413 2949 2631 3007; x_wconf 86' lang='lat' dir='ltr'><strong>dudum</strong></span> <span class='ocrx_word' id='word_1_162' title='bbox 2692 2949 3000 3026; x_wconf 89' lang='lat' dir='ltr'><strong>Preposito</strong></span> 
     </span>
     <span class='ocr_line' id='line_1_32' title="bbox 630 3049 1521 3125; baseline 0.001 -18"><span class='ocrx_word' id='word_1_163' title='bbox 630 3049 902 3107; x_wconf 89' lang='lat' dir='ltr'><strong>Nerichie</strong></span> <span class='ocrx_word' id='word_1_164' title='bbox 943 3049 1003 3106; x_wconf 91' lang='lat' dir='ltr'><strong>in</strong></span> <span class='ocrx_word' id='word_1_165' title='bbox 1045 3050 1252 3125; x_wconf 88' lang='lat' dir='ltr'><strong>Regno</strong></span> <span class='ocrx_word' id='word_1_166' title='bbox 1296 3050 1521 3110; x_wconf 89' lang='lat' dir='ltr'><strong>Suecie.</strong></span> 
     </span>
    </p>

    <p class='ocr_par' dir='ltr' id='par_1_18' title="bbox 630 3151 3001 3532">
     <span class='ocr_line' id='line_1_33' title="bbox 805 3151 3000 3228; baseline -0 -18"><span class='ocrx_word' id='word_1_167' title='bbox 805 3153 1063 3226; x_wconf 87' lang='lat' dir='ltr'><strong>Recepte</strong></span> <span class='ocrx_word' id='word_1_168' title='bbox 1105 3151 1290 3226; x_wconf 87' lang='lat' dir='ltr'><strong>primo</strong></span> <span class='ocrx_word' id='word_1_169' title='bbox 1336 3172 1409 3209; x_wconf 86' lang='lat' dir='ltr'><strong>ex</strong></span> <span class='ocrx_word' id='word_1_170' title='bbox 1451 3160 1617 3228; x_wconf 88' lang='lat' dir='ltr'><strong>parte</strong></span> <span class='ocrx_word' id='word_1_171' title='bbox 1672 3152 2057 3209; x_wconf 89' lang='lat' dir='ltr'><strong>Thidemanni</strong></span> <span class='ocrx_word' id='word_1_172' title='bbox 2122 3152 2340 3209; x_wconf 91' lang='lat' dir='ltr'><strong>dudum</strong></span> <span class='ocrx_word' id='word_1_173' title='bbox 2405 3151 2692 3227; x_wconf 88' lang='lat' dir='ltr'><strong>Prepositi</strong></span> <span class='ocrx_word' id='word_1_174' title='bbox 2758 3152 3000 3227; x_wconf 87' lang='lat' dir='ltr'><strong>predicti</strong></span> 
     </span>
     <span class='ocr_line' id='line_1_34' title="bbox 630 3251 3000 3331; baseline -0.001 -20"><span class='ocrx_word' id='word_1_175' title='bbox 630 3251 905 3311; x_wconf 88' lang='lat' dir='ltr'><strong>Nerichie</strong></span> <span class='ocrx_word' id='word_1_176' title='bbox 958 3252 1133 3311; x_wconf 65' lang='lat' dir='ltr'><strong>juv,</strong></span> <span class='ocrx_word' id='word_1_177' title='bbox 1178 3271 1352 3311; x_wconf 83' lang='lat' dir='ltr'><strong>marc.</strong></span> <span class='ocrx_word' id='word_1_178' title='bbox 1392 3263 1618 3312; x_wconf 89' lang='lat' dir='ltr'><strong>monete</strong></span> <span class='ocrx_word' id='word_1_179' title='bbox 1663 3252 1931 3325; x_wconf 75' lang='lat' dir='ltr'><strong>Sueuice‚</strong></span> <span class='ocrx_word' id='word_1_180' title='bbox 1977 3263 2325 3311; x_wconf 86' lang='lat' dir='ltr'><strong>commutate</strong></span> <span class='ocrx_word' id='word_1_181' title='bbox 2366 3253 2598 3311; x_wconf 86' lang='lat' dir='ltr'><strong>fuerunt</strong></span> <span class='ocrx_word' id='word_1_182' title='bbox 2640 3273 2745 3331; x_wconf 90' lang='lat' dir='ltr'><strong>pro</strong></span> <span class='ocrx_word' id='word_1_183' title='bbox 2797 3281 2864 3290; x_wconf 90' lang='grc'><strong>-·</strong></span> <span class='ocrx_word' id='word_1_184' title='bbox 2907 3253 3000 3328; x_wconf 91' lang='lat' dir='ltr'><strong>.iij.</strong></span> 
     </span>
     <span class='ocr_line' id='line_1_35' title="bbox 631 3353 3001 3431; baseline 0.001 -20"><span class='ocrx_word' id='word_1_185' title='bbox 631 3355 756 3412; x_wconf 87' lang='lat' dir='ltr'><strong>libr.</strong></span> <span class='ocrx_word' id='word_1_186' title='bbox 801 3354 876 3429; x_wconf 88' lang='lat' dir='ltr'><strong>vj.</strong></span> <span class='ocrx_word' id='word_1_187' title='bbox 918 3354 1022 3414; x_wconf 90' lang='lat' dir='ltr'><strong>sol.</strong></span> <span class='ocrx_word' id='word_1_188' title='bbox 1068 3363 1126 3412; x_wconf 92' lang='lat' dir='ltr'><strong>et</strong></span> <span class='ocrx_word' id='word_1_189' title='bbox 1171 3353 1303 3428; x_wconf 82' lang='lat' dir='ltr'><strong>.viij.</strong></span> <span class='ocrx_word' id='word_1_190' title='bbox 1349 3355 1478 3413; x_wconf 90' lang='lat' dir='ltr'><strong>den.</strong></span> <span class='ocrx_word' id='word_1_191' title='bbox 1521 3373 1703 3430; x_wconf 79' lang='lat' dir='ltr'><strong>gross,</strong></span> <span class='ocrx_word' id='word_1_192' title='bbox 1748 3355 2195 3413; x_wconf 87' lang='lat' dir='ltr'><strong>Turonensium.</strong></span> <span class='ocrx_word' id='word_1_193' title='bbox 2243 3355 2632 3429; x_wconf 86' lang='lat' dir='ltr'><strong>computando</strong></span> <span class='ocrx_word' id='word_1_194' title='bbox 2672 3355 2800 3414; x_wconf 85' lang='lat' dir='ltr'><strong>libr.</strong></span> <span class='ocrx_word' id='word_1_195' title='bbox 2838 3373 3001 3431; x_wconf 89' lang='lat' dir='ltr'><strong>gros-</strong></span> 
     </span>
     <span class='ocr_line' id='line_1_36' title="bbox 634 3455 2572 3532; baseline 0 -18"><span class='ocrx_word' id='word_1_196' title='bbox 634 3475 827 3514; x_wconf 89' lang='lat' dir='ltr'><strong>sorum</strong></span> <span class='ocrx_word' id='word_1_197' title='bbox 868 3475 975 3532; x_wconf 91' lang='lat' dir='ltr'><strong>pro</strong></span> <span class='ocrx_word' id='word_1_198' title='bbox 1021 3455 1179 3530; x_wconf 85' lang='lat' dir='ltr'><strong>.xxij.</strong></span> <span class='ocrx_word' id='word_1_199' title='bbox 1227 3476 1403 3515; x_wconf 86' lang='lat' dir='ltr'><strong>marc.</strong></span> <span class='ocrx_word' id='word_1_200' title='bbox 1451 3465 1509 3514; x_wconf 92' lang='lat' dir='ltr'><strong>et</strong></span> <span class='ocrx_word' id='word_1_201' title='bbox 1553 3456 1789 3514; x_wconf 91' lang='lat' dir='ltr'><strong>dimidia</strong></span> <span class='ocrx_word' id='word_1_202' title='bbox 1832 3457 1983 3515; x_wconf 89' lang='lat' dir='ltr'><strong>dicte</strong></span> <span class='ocrx_word' id='word_1_203' title='bbox 2028 3465 2258 3516; x_wconf 89' lang='lat' dir='ltr'><strong>monete</strong></span> <span class='ocrx_word' id='word_1_204' title='bbox 2306 3457 2572 3517; x_wconf 89' lang='lat' dir='ltr'><strong>Sueuice.</strong></span> 
     </span>
    </p>

    <p class='ocr_par' dir='ltr' id='par_1_19' title="bbox 629 3557 3002 3838">
     <span class='ocr_line' id='line_1_37' title="bbox 800 3557 3002 3635; baseline 0 -20"><span class='ocrx_word' id='word_1_205' title='bbox 800 3559 946 3629; x_wconf 90' lang='lat' dir='ltr'><strong>Item</strong></span> <span class='ocrx_word' id='word_1_206' title='bbox 990 3559 1247 3633; x_wconf 88' lang='lat' dir='ltr'><strong>Recepte</strong></span> <span class='ocrx_word' id='word_1_207' title='bbox 1292 3578 1366 3615; x_wconf 85' lang='lat' dir='ltr'><strong>ex</strong></span> <span class='ocrx_word' id='word_1_208' title='bbox 1428 3567 1594 3634; x_wconf 89' lang='lat' dir='ltr'><strong>parte</strong></span> <span class='ocrx_word' id='word_1_209' title='bbox 1660 3558 1915 3616; x_wconf 90' lang='lat' dir='ltr'><strong>eiusdem</strong></span> <span class='ocrx_word' id='word_1_210' title='bbox 1968 3558 2349 3616; x_wconf 89' lang='lat' dir='ltr'><strong>Thidemanni</strong></span> <span class='ocrx_word' id='word_1_211' title='bbox 2408 3558 2467 3615; x_wconf 90' lang='lat' dir='ltr'><strong>in</strong></span> <span class='ocrx_word' id='word_1_212' title='bbox 2532 3559 2739 3635; x_wconf 86' lang='lat' dir='ltr'><strong>Regno</strong></span> <span class='ocrx_word' id='word_1_213' title='bbox 2795 3557 3002 3618; x_wconf 89' lang='lat' dir='ltr'><strong>Suecie</strong></span> 
     </span>
     <span class='ocr_line' id='line_1_38' title="bbox 630 3659 3000 3736; baseline -0.001 -18"><span class='ocrx_word' id='word_1_214' title='bbox 630 3661 891 3736; x_wconf 89' lang='lat' dir='ltr'><strong>predicto</strong></span> <span class='ocrx_word' id='word_1_215' title='bbox 938 3679 1093 3717; x_wconf 59' lang='lat' dir='ltr'><strong>xxv.</strong></span> <span class='ocrx_word' id='word_1_216' title='bbox 1135 3679 1327 3719; x_wconf 88' lang='lat' dir='ltr'><strong>marce</strong></span> <span class='ocrx_word' id='word_1_217' title='bbox 1371 3659 1593 3735; x_wconf 87' lang='lat' dir='ltr'><strong>argenti</strong></span> <span class='ocrx_word' id='word_1_218' title='bbox 1635 3659 1908 3734; x_wconf 90' lang='lat' dir='ltr'><strong>ponderis</strong></span> <span class='ocrx_word' id='word_1_219' title='bbox 1950 3659 2424 3732; x_wconf 79' lang='lat' dir='ltr'><strong>Stokholmensi8‚</strong></span> <span class='ocrx_word' id='word_1_220' title='bbox 2468 3668 2817 3719; x_wconf 89' lang='lat' dir='ltr'><strong>commutate</strong></span> <span class='ocrx_word' id='word_1_221' title='bbox 2878 3659 3000 3717; x_wconf 84' lang='lat' dir='ltr'><strong>fue·</strong></span> 
     </span>
     <span class='ocr_line' id='line_1_39' title="bbox 629 3759 2999 3838; baseline -0.001 -17"><span class='ocrx_word' id='word_1_222' title='bbox 629 3770 766 3821; x_wconf 90' lang='lat' dir='ltr'><strong>runt</strong></span> <span class='ocrx_word' id='word_1_223' title='bbox 806 3781 912 3838; x_wconf 90' lang='lat' dir='ltr'><strong>pro</strong></span> <span class='ocrx_word' id='word_1_224' title='bbox 956 3791 1038 3799; x_wconf 96' lang='lat'><strong>—</strong></span> <span class='ocrx_word' id='word_1_225' title='bbox 1082 3781 1155 3821; x_wconf 87' lang='lat' dir='ltr'><strong>.v.</strong></span> <span class='ocrx_word' id='word_1_226' title='bbox 1197 3761 1325 3820; x_wconf 90' lang='lat' dir='ltr'><strong>libr.</strong></span> <span class='ocrx_word' id='word_1_227' title='bbox 1369 3761 1424 3836; x_wconf 92' lang='lat' dir='ltr'><strong>ij.</strong></span> <span class='ocrx_word' id='word_1_228' title='bbox 1468 3759 1571 3819; x_wconf 87' lang='lat' dir='ltr'><strong>sol.</strong></span> <span class='ocrx_word' id='word_1_229' title='bbox 1618 3780 1749 3819; x_wconf 89' lang='lat' dir='ltr'><strong>cum</strong></span> <span class='ocrx_word' id='word_1_230' title='bbox 1795 3759 1845 3834; x_wconf 90' lang='lat' dir='ltr'><strong>.j.</strong></span> <span class='ocrx_word' id='word_1_231' title='bbox 1904 3761 2032 3819; x_wconf 90' lang='lat' dir='ltr'><strong>den.</strong></span> <span class='ocrx_word' id='word_1_232' title='bbox 2090 3780 2269 3837; x_wconf 89' lang='lat' dir='ltr'><strong>gross.</strong></span> <span class='ocrx_word' id='word_1_233' title='bbox 2336 3763 2778 3821; x_wconf 86' lang='lat' dir='ltr'><strong>Turonensium.</strong></span> <span class='ocrx_word' id='word_1_234' title='bbox 2846 3782 2999 3820; x_wconf 89' lang='lat' dir='ltr'><strong>com-</strong></span> 
     </span>
    </p>
   </div>
   <div class='ocr_carea' id='block_1_14' title="bbox 630 3861 2997 3941">
    <p class='ocr_par' dir='ltr' id='par_1_20' title="bbox 630 3861 2997 3941">
     <span class='ocr_line' id='line_1_40' title="bbox 630 3861 2997 3941; baseline -0.001 -19"><span class='ocrx_word' id='word_1_235' title='bbox 630 3866 889 3941; x_wconf 89' lang='lat' dir='ltr'><strong>putando</strong></span> <span class='ocrx_word' id='word_1_236' title='bbox 933 3884 1185 3923; x_wconf 86' lang='lat' dir='ltr'><strong>marcam</strong></span> <span class='ocrx_word' id='word_1_237' title='bbox 1230 3863 1454 3940; x_wconf 88' lang='lat' dir='ltr'><strong>argenti</strong></span> <span class='ocrx_word' id='word_1_238' title='bbox 1497 3881 1602 3938; x_wconf 90' lang='lat' dir='ltr'><strong>pro</strong></span> <span class='ocrx_word' id='word_1_239' title='bbox 1647 3861 1789 3939; x_wconf 62' lang='lat' dir='ltr'><strong>,1iij2r</strong></span> <span class='ocrx_word' id='word_1_240' title='bbox 1814 3862 1919 3920; x_wconf 89' lang='lat' dir='ltr'><strong>sol.</strong></span> <span class='ocrx_word' id='word_1_241' title='bbox 1967 3872 2024 3921; x_wconf 93' lang='lat' dir='ltr'><strong>et</strong></span> <span class='ocrx_word' id='word_1_242' title='bbox 2066 3863 2121 3940; x_wconf 84' lang='lat' dir='ltr'><strong>.j.</strong></span> <span class='ocrx_word' id='word_1_243' title='bbox 2170 3863 2299 3923; x_wconf 87' lang='lat' dir='ltr'><strong>den.</strong></span> <span class='ocrx_word' id='word_1_244' title='bbox 2344 3882 2526 3940; x_wconf 89' lang='lat' dir='ltr'><strong>gross.</strong></span> <span class='ocrx_word' id='word_1_245' title='bbox 2553 3865 2997 3923; x_wconf 87' lang='lat' dir='ltr'><strong>Turonensium.</strong></span> 
     </span>
    </p>
   </div>
   <div class='ocr_carea' id='block_1_15' title="bbox 675 4065 2045 4347">
    <p class='ocr_par' dir='ltr' id='par_1_21' title="bbox 675 4065 2045 4347">
     <span class='ocr_line' id='line_1_41' title="bbox 883 4065 2044 4142; baseline -0.004 -13"><span class='ocrx_word' id='word_1_246' title='bbox 883 4069 1123 4129; x_wconf 88' lang='lat' dir='ltr'><strong>Summa</strong></span> <span class='ocrx_word' id='word_1_247' title='bbox 1164 4066 1541 4142; x_wconf 89' lang='lat' dir='ltr'><strong>pecuniarum</strong></span> <span class='ocrx_word' id='word_1_248' title='bbox 1608 4075 1665 4124; x_wconf 91' lang='lat' dir='ltr'><strong>et</strong></span> <span class='ocrx_word' id='word_1_249' title='bbox 1720 4066 1942 4142; x_wconf 85' lang='lat' dir='ltr'><strong>argenti</strong></span> <span class='ocrx_word' id='word_1_250' title='bbox 1987 4065 2044 4124; x_wconf 90' lang='lat' dir='ltr'><strong>in</strong></span> 
     </span>
     <span class='ocr_line' id='line_1_42' title="bbox 675 4166 2045 4248; baseline -0.001 -20"><span class='ocrx_word' id='word_1_251' title='bbox 675 4166 803 4248; x_wconf 66' lang='lat' dir='ltr'><strong>[ap]</strong></span> <span class='ocrx_word' id='word_1_252' title='bbox 882 4172 1088 4245; x_wconf 88' lang='lat' dir='ltr'><strong>Regno</strong></span> <span class='ocrx_word' id='word_1_253' title='bbox 1132 4168 1338 4229; x_wconf 89' lang='lat' dir='ltr'><strong>Suecie</strong></span> <span class='ocrx_word' id='word_1_254' title='bbox 1384 4168 1454 4225; x_wconf 92' lang='lat' dir='ltr'><strong>de</strong></span> <span class='ocrx_word' id='word_1_255' title='bbox 1500 4167 1706 4227; x_wconf 88' lang='lat' dir='ltr'><strong>debitis</strong></span> <span class='ocrx_word' id='word_1_256' title='bbox 1770 4167 2045 4244; x_wconf 85' lang='lat' dir='ltr'><strong>predictis</strong></span> 
     </span>
     <span class='ocr_line' id='line_1_43' title="bbox 882 4270 2043 4347; baseline -0.003 -17"><span class='ocrx_word' id='word_1_257' title='bbox 882 4281 1248 4347; x_wconf 89' lang='lat' dir='ltr'><strong>receptorum</strong></span> <span class='ocrx_word' id='word_1_258' title='bbox 1293 4271 1367 4327; x_wconf 90' lang='lat' dir='ltr'><strong>ad</strong></span> <span class='ocrx_word' id='word_1_259' title='bbox 1402 4289 1634 4346; x_wconf 87' lang='lat' dir='ltr'><strong>grossos</strong></span> <span class='ocrx_word' id='word_1_260' title='bbox 1671 4270 2043 4329; x_wconf 88' lang='lat' dir='ltr'><strong>reductorum</strong></span> 
     </span>
    </p>
   </div>
   <div class='ocr_carea' id='block_1_16' title="bbox 2101 4118 2999 4297">
    <p class='ocr_par' dir='ltr' id='par_1_22' title="bbox 2101 4118 2999 4297">
     <span class='ocr_line' id='line_1_44' title="bbox 2102 4118 2999 4196; baseline -0.006 -18"><span class='ocrx_word' id='word_1_261' title='bbox 2102 4118 2232 4196; x_wconf 87' lang='lat' dir='ltr'><strong>.viij.</strong></span> <span class='ocrx_word' id='word_1_262' title='bbox 2275 4119 2404 4179; x_wconf 89' lang='lat' dir='ltr'><strong>libr.</strong></span> <span class='ocrx_word' id='word_1_263' title='bbox 2446 4118 2561 4194; x_wconf 90' lang='lat' dir='ltr'><strong>viij.</strong></span> <span class='ocrx_word' id='word_1_264' title='bbox 2604 4119 2711 4177; x_wconf 90' lang='lat' dir='ltr'><strong>sol.</strong></span> <span class='ocrx_word' id='word_1_265' title='bbox 2779 4127 2837 4176; x_wconf 89' lang='lat' dir='ltr'><strong>et</strong></span> <span class='ocrx_word' id='word_1_266' title='bbox 2901 4118 2999 4175; x_wconf 86' lang='lat' dir='ltr'><strong>.ix.</strong></span> 
     </span>
     <span class='ocr_line' id='line_1_45' title="bbox 2101 4220 2937 4297; baseline -0.002 -18"><span class='ocrx_word' id='word_1_267' title='bbox 2101 4222 2227 4279; x_wconf 90' lang='lat' dir='ltr'><strong>den.</strong></span> <span class='ocrx_word' id='word_1_268' title='bbox 2271 4240 2452 4297; x_wconf 88' lang='lat' dir='ltr'><strong>gross.</strong></span> <span class='ocrx_word' id='word_1_269' title='bbox 2494 4220 2937 4279; x_wconf 87' lang='lat' dir='ltr'><strong>Turonensium.</strong></span> 
     </span>
    </p>
   </div>
   <div class='ocr_carea' id='block_1_17' title="bbox 628 4471 3000 4756">
    <p class='ocr_par' dir='ltr' id='par_1_23' title="bbox 628 4471 3000 4756">
     <span class='ocr_line' id='line_1_46' title="bbox 795 4471 2998 4552; baseline -0.001 -21"><span class='ocrx_word' id='word_1_270' title='bbox 795 4475 945 4532; x_wconf 87' lang='lat' dir='ltr'><strong>Item</strong></span> <span class='ocrx_word' id='word_1_271' title='bbox 967 4476 1225 4549; x_wconf 86' lang='lat' dir='ltr'><strong>Recepte</strong></span> <span class='ocrx_word' id='word_1_272' title='bbox 1250 4475 1321 4532; x_wconf 91' lang='lat' dir='ltr'><strong>de</strong></span> <span class='ocrx_word' id='word_1_273' title='bbox 1353 4476 1625 4550; x_wconf 88' lang='lat' dir='ltr'><strong>predictis</strong></span> <span class='ocrx_word' id='word_1_274' title='bbox 1650 4476 1901 4552; x_wconf 86' lang='lat' dir='ltr'><strong>antiquis</strong></span> <span class='ocrx_word' id='word_1_275' title='bbox 1926 4474 2131 4533; x_wconf 93' lang='lat' dir='ltr'><strong>debitis</strong></span> <span class='ocrx_word' id='word_1_276' title='bbox 2154 4494 2226 4532; x_wconf 89' lang='lat' dir='ltr'><strong>ex</strong></span> <span class='ocrx_word' id='word_1_277' title='bbox 2265 4482 2431 4549; x_wconf 81' lang='lat' dir='ltr'><strong>parte</strong></span> <span class='ocrx_word' id='word_1_278' title='bbox 2454 4473 2700 4531; x_wconf 74' lang='lat' dir='ltr'><strong>dfiorum</strong></span> <span class='ocrx_word' id='word_1_279' title='bbox 2722 4471 2998 4548; x_wconf 86' lang='lat' dir='ltr'><strong>Episcopi</strong></span> 
     </span>
     <span class='ocr_line' id='line_1_47' title="bbox 629 4574 2999 4653; baseline -0.003 -17"><span class='ocrx_word' id='word_1_280' title='bbox 629 4574 899 4636; x_wconf 85' lang='lat' dir='ltr'><strong>Scarensi</strong></span> <span class='ocrx_word' id='word_1_281' title='bbox 944 4584 1004 4632; x_wconf 90' lang='lat' dir='ltr'><strong>ct</strong></span> <span class='ocrx_word' id='word_1_282' title='bbox 1043 4576 1284 4634; x_wconf 88' lang='lat' dir='ltr'><strong>Anundi</strong></span> <span class='ocrx_word' id='word_1_283' title='bbox 1305 4576 1479 4636; x_wconf 86' lang='lat' dir='ltr'><strong>Stura</strong></span> <span class='ocrx_word' id='word_1_284' title='bbox 1522 4577 1728 4636; x_wconf 89' lang='lat' dir='ltr'><strong>Militis</strong></span> <span class='ocrx_word' id='word_1_285' title='bbox 1771 4577 2162 4653; x_wconf 88' lang='lat' dir='ltr'><strong>predictorum</strong></span> <span class='ocrx_word' id='word_1_286' title='bbox 2207 4577 2264 4633; x_wconf 90' lang='lat' dir='ltr'><strong>in</strong></span> <span class='ocrx_word' id='word_1_287' title='bbox 2301 4576 2506 4651; x_wconf 87' lang='lat' dir='ltr'><strong>Regno</strong></span> <span class='ocrx_word' id='word_1_288' title='bbox 2548 4574 2999 4651; x_wconf 85' lang='lat' dir='ltr'><strong>Norwegie.lix.</strong></span> 
     </span>
     <span class='ocr_line' id='line_1_48' title="bbox 628 4673 3000 4756; baseline -0.001 -22"><span class='ocrx_word' id='word_1_289' title='bbox 628 4695 803 4734; x_wconf 82' lang='lat' dir='ltr'><strong>marc.</strong></span> <span class='ocrx_word' id='word_1_290' title='bbox 852 4675 925 4750; x_wconf 89' lang='lat' dir='ltr'><strong>vj.</strong></span> <span class='ocrx_word' id='word_1_291' title='bbox 970 4697 1051 4736; x_wconf 92' lang='lat' dir='ltr'><strong>or.</strong></span> <span class='ocrx_word' id='word_1_292' title='bbox 1097 4696 1230 4736; x_wconf 87' lang='lat' dir='ltr'><strong>cum</strong></span> <span class='ocrx_word' id='word_1_293' title='bbox 1274 4677 1510 4737; x_wconf 84' lang='lat' dir='ltr'><strong>dimidia</strong></span> <span class='ocrx_word' id='word_1_294' title='bbox 1555 4678 1779 4754; x_wconf 89' lang='lat' dir='ltr'><strong>argenti</strong></span> <span class='ocrx_word' id='word_1_295' title='bbox 1822 4678 2091 4756; x_wconf 88' lang='lat' dir='ltr'><strong>ponderis</strong></span> <span class='ocrx_word' id='word_1_296' title='bbox 2154 4676 2441 4735; x_wconf 87' lang='lat' dir='ltr'><strong>Noricani</strong></span> <span class='ocrx_word' id='word_1_297' title='bbox 2488 4685 2837 4735; x_wconf 87' lang='lat' dir='ltr'><strong>commutate</strong></span> <span class='ocrx_word' id='word_1_298' title='bbox 2879 4673 3000 4732; x_wconf 86' lang='lat' dir='ltr'><strong>sue·</strong></span> 
     </span>
    </p>
   </div>
  </div>
 </body>
</html>
