3534 5361
2219 317 2242 345 Ο

1671 341 1787 403 125

539 535 814 610 pecunias
857 535 913 592 in
960 534 1113 590 dicto
1157 551 1311 589 nouo
1356 531 1710 590 Monasterio
1756 548 1889 588 cum
1946 539 2405 606 superuenerunt
2466 529 2765 586 Predones
2831 556 2904 565 —

541 654 615 692 ..Χ
656 653 839 710 gross.
883 636 1272 693 Turonenses.

702 735 849 792 Item
895 735 1028 793 dedi
1070 734 1281 792 familie
1324 732 1613 808 Prepositi
1658 732 1728 789 de
1775 750 1926 788 nouo
1958 730 2313 789 Monasterio
2358 730 2455 806 qui
2501 730 2913 787 baiulauerunt

539 837 813 912 pecunias
858 838 929 893 de
971 854 1125 893 nouo
1171 833 1529 892 Monasterio
1596 852 1778 907 usque
1848 833 1922 890 ad
1990 833 2255 892 Stadium
2299 858 2377 867 —
2425 829 2537 904 .vij.
2581 830 2683 888 sol.
2729 848 2911 904 gross

540 938 984 996 Turonensium.

706 1037 848 1093 Item
891 1037 1038 1095 solui
1083 1056 1189 1113 pro
1234 1036 1481 1094 nauibus
1541 1055 1671 1092 cum
1738 1035 1947 1111 quibus
2013 1036 2408 1091 transiucrunt
2472 1032 2541 1088 de
2604 1031 2914 1107 paludibus

541 1139 614 1195 ad
658 1139 871 1195 flumen
916 1138 1093 1197 Albie
1139 1146 1195 1194 et
1226 1137 1299 1194 ad
1324 1137 1520 1194 uillam
1546 1136 1886 1195 Stadensem
1912 1164 1992 1171 --
2017 1135 2106 1207 .iij.
2130 1134 2235 1192 sol.
2260 1153 2444 1210 gross.
2472 1132 2913 1190 Turonensium.

706 1239 852 1296 Item
901 1239 1030 1296 dedi
1078 1238 1232 1295 dicto
1276 1237 1582 1313 Preposito
1627 1237 1725 1312 qui
1774 1256 1861 1292 me
1907 1236 2176 1305 ducebat,
2217 1254 2391 1292 vnum
2437 1234 2667 1308 ciphum
2692 1233 2914 1307 argenti

542 1340 810 1415 ponderis
856 1339 950 1413 .xj.
997 1358 1078 1396 or.
1124 1339 1344 1414 argenti
1390 1337 1604 1395 valoris
1652 1371 1723 1379 ν-
1777 1335 1866 1410 .vj.
1911 1336 2013 1394 sol.
2056 1353 2237 1410 gross.
2284 1335 2729 1393 Turonensium.

706 1441 854 1498 Item
902 1441 1033 1497 dedi
1093 1440 1207 1496 dno
1275 1440 1529 1497 Henrico
1596 1438 1876 1496 canonico
1945 1437 2079 1494 noui
2146 1436 2483 1512 Monasterij
2551 1435 2709 1494 socio
2778 1435 2914 1492 dicti

539 1542 823 1618 Prepositi
864 1540 960 1617 qui
1004 1542 1373 1617 recuperauit
1417 1540 1550 1596 mihi
1592 1537 1745 1614 ..xiiij
1791 1537 1916 1594 libr.
1960 1556 2141 1613 gross.
2187 1537 2439 1613 perditas
2625 1537 2764 1612 .iiij0.r
2812 1537 2915 1594 sol.

537 1662 716 1717 gross.
761 1642 1206 1700 Turonensium.

704 1746 853 1802 Item
899 1745 1056 1801 tenui
1101 1762 1385 1818 expensas
1435 1742 1547 1817 .xij.
1592 1758 1968 1817 personarum
2024 1760 2127 1816 per
2194 1743 2341 1816 xvij.
2412 1743 2534 1798 dies
2600 1750 2909 1818 antequam

539 1864 766 1922 possem
812 1864 1156 1920 recuperare
1203 1854 1422 1919 partem
1470 1844 1901 1919 deperditorum
1949 1856 2004 1902 et
2070 1844 2467 1919 depositorum
2534 1862 2638 1917 pro
2700 1842 2911 1918 quibus
2949 1849 2953 1862 ⁶

537 1949 682 2006 solui
737 1977 802 1984 -
857 1946 1072 2020 ‚xxviij
1120 1945 1223 2003 sol.
1267 1962 1447 2020 gross.
1495 1935 1940 2002 Turonensium.

705 2049 854 2106 Item
900 2048 1029 2105 dedi
1077 2046 1406 2105 cursoribus
1459 2077 1526 2084 -—
1583 2066 1655 2102 .v.
1703 2047 1806 2103 sol.
1852 2065 2032 2121 grosS.
2077 2045 2522 2103 Turonensium.

709 2151 853 2207 Item
901 2148 1028 2206 dedi
1074 2146 1311 2205 famulis
1350 2148 1445 2203 diii
1513 2146 1953 2222 Archiepiscopi
2022 2147 2349 2204 Bremensis
2402 2181 2467 2187 m
2519 2146 2589 2220 .ij.
2635 2145 2738 2204 sol.
2784 2164 2913 2202 cum

540 2251 773 2308 dimidio
816 2269 997 2326 gross.
1040 2249 1467 2307 Turonensium
1512 2249 1609 2324 qui
1657 2268 1746 2305 me
1793 2249 2082 2328 duxerunt
2126 2249 2200 2305 ad
2247 2267 2378 2305 eum
2436 2257 2493 2306 et
2548 2248 2903 2304 reduxerunt

539 2352 611 2408 ad
654 2351 854 2409 villam
904 2352 1243 2412 Stadensem
1289 2359 1346 2407 et
1389 2350 1595 2408 deinde
1635 2350 1714 2407 ini
1759 2350 2097 2425 Hamborgh
2144 2349 2217 2406 ad
2283 2349 2702 2425 prouidendum
2769 2347 2904 2405 mihi

539 2452 610 2509 de
653 2453 786 2510 naui
833 2471 1034 2509 uersus
1076 2451 1408 2508 Flandriam
1457 2460 1513 2508 et
1555 2450 1703 2508 solui
1748 2471 1854 2527 pro
1898 2451 2126 2508 Batella
2170 2470 2282 2526 que
2339 2470 2429 2518 me
2497 2448 2664 2506 duxit
2731 2448 2913 2505 Ham-

542 2555 722 2629 borgh
770 2582 848 2590 -—-
898 2552 990 2626 vj.
1036 2571 1218 2628 gross.
1267 2548 1689 2610 Turonensesl.

706 2655 855 2712 Item
901 2654 991 2711 die
1033 2648 1218 2730 ,ΧΧῇῐέει
1259 2652 1419 2728 Maij.
1467 2653 1623 2711 exiui
1663 2661 1892 2730 portum
1939 2655 2009 2711 de
2054 2655 2393 2730 Hamborgh
2438 2662 2494 2709 et
2536 2653 2667 2710 veni
2711 2651 2905 2711 Stadis
2940 2665 3057 2704 mse
3081 2677 3098 2702 a

540 2757 635 2813 ubi
683 2756 1006 2814 dimiseram
1047 2757 1201 2813 bona
1242 2756 1340 2812 dni
1386 2757 1563 2815 nostri
1608 2775 1758 2831 pape
1784 2768 1844 2813 et
1862 2758 2056 2833 recepi
2080 2776 2304 2815 mecum
2329 2774 2506 2812 vnum
2512 2755 2912 2830 presbiterum

541 2867 595 2912 et
641 2858 785 2915 duos
829 2857 974 2914 alios
1017 2859 1229 2932 probos
1272 2857 1530 2915 homines
1573 2876 1687 2913 vna
1732 2877 1862 2915 cum
1907 2857 2132 2915 famulis
2168 2840 2317 2916 'meis
2357 2867 2415 2914 et
2457 2855 2703 2930 receptis
2751 2855 2915 2911 bonis

540 2958 648 3013 illis
690 2977 957 3015 reuersus
1001 2957 1078 3014 fui
1117 2959 1229 3094 ador
1236 2978 1444 3016 nauem
1490 2978 1619 3016 cum
1666 2979 1784 3035 qua
1826 2959 2100 3034 nauigaui
2147 2959 2221 3014 ad
2276 2957 2617 3015 Flandriam
2662 2966 2719 3013 et
2764 2955 2915 3014 solui

708 3160 855 3217 Item
898 3180 1004 3235 pro
1048 3160 1181 3217 vino
1199 3102 1452 3217 ‘illorum
1500 3161 1571 3217 (10
1592 3160 1827 3218 Batella
1852 3162 1951 3236 qui
1995 3161 2285 3217 duxerunt
2329 3179 2420 3217 res
2461 3160 2537 3216 ad
2582 3177 2790 3216 nauem
2845 3184 2910 3192 —

543 3261 680 3334 ‚iiij0.r
706 3280 888 3336 gross.
936 3261 1327 3319 Turonenses.

711 3363 856 3419 Item
903 3362 1032 3419 dedi
1090 3361 1319 3420 famulis
1385 3364 1484 3437 qui
1550 3371 1933 3439 portauerunt
1995 3363 2231 3439 lagenas
2297 3381 2427 3421 cum
2495 3362 2666 3418 rebus
2720 3388 2784 3396 -
2840 3378 2914 3415 .v.

541 3463 860 3538 sterlingos.

709 3565 856 3621 Item
917 3563 1046 3620 dedi
1115 3582 1220 3640 pro
1292 3564 1466 3622 naulo
1529 3583 1712 3640 usque
1779 3566 1852 3623 ad
1916 3565 2251 3623 Flandriam
2297 3592 2375 3601 —
2423 3563 2537 3638 .iiij.
2582 3562 2683 3620 sol.
2730 3581 2915 3638 gross.

538 3662 988 3723 Turonensium.

711 3768 857 3823 Item
906 3767 1033 3822 dedi
1081 3766 1307 3825 famulis
1355 3767 1425 3822 de
1463 3767 1598 3824 naui
1645 3767 1743 3844 qui
1797 3767 2242 3825 introduxerunt
2303 3787 2395 3824 res
2456 3767 2515 3823 in
2578 3785 2789 3823 nauem
2862 3774 2919 3821 et

543 3878 707 3923 extra
753 3879 1070 3942 posuerunt
1115 3867 1171 3924 in
1217 3867 1504 3925 Batellam
1552 3897 1617 3903 ·⁷··
1673 3868 1746 3944 .ij.
1792 3886 1973 3943 gross.
2018 3869 2405 3927 TuronenseS.

712 3970 857 4024 Item
903 3969 1029 4024 dedi
1077 3988 1182 4044 pro
1230 3969 1456 4026 Batella
1502 3970 1572 4027 de
1617 3981 1789 4045 portu
1836 3968 2038 4028 Scluse
2091 3988 2275 4045 usque
2342 3970 2413 4025 ad
2476 3970 2786 4027 Dammam
2838 3997 2917 4005 -

542 4067 613 4140 .ij.
660 4088 840 4142 gmss,
887 4071 1273 4128 TuronenseS.

708 4169 856 4225 Item
903 4170 1031 4226 dedi
1079 4171 1149 4226 de
1193 4172 1443 4228 Damma
1489 4190 1673 4246 usque
1718 4171 1931 4246 Brugis
1972 4191 2077 4247 pro
2115 4171 2342 4228 Batella
2387 4191 2568 4229 —.v.
2595 4171 2914 4246 sterlingos.

712 4270 857 4326 Item
905 4272 1035 4327 dedi
1093 4274 1400 4329 conuentui
1469 4271 1907 4330 Predicatorum
1974 4273 2359 4347 Brugensium
2426 4273 2659 4348 quando
2722 4272 2912 4347 recepi

543 4372 865 4446 depositum
943 4403 975 4408 --
1044 4373 1129 4446 .vj.
1176 4373 1279 4430 sol.
1326 4385 1382 4430 et
1427 4373 1520 4448 .iij.
1568 4375 1696 4430 den.
1739 4393 1920 4450 gross.
1963 4373 2390 4431 Turonensium
2438 4393 2541 4448 pro
2586 4374 2857 4450 pitancia.

602 4616 628 4644 ‘¹
670 4622 731 4668 H.
773 4630 806 4668 t.
882 4617 1014 4684 [ap.]
1055 4623 1261 4670 Summa
1298 4625 1444 4672 huius
1482 4626 1662 4687 pagine
1704 4648 1755 4654 „„
1804 4623 1889 4684 .iij.
1929 4624 2039 4671 libr.
2076 4623 2185 4670 xix.
2227 4624 2317 4673 sol.
2358 4633 2408 4672 et
2461 4641 2528 4672 .x.
2563 4627 2695 4673 den.
2752 4640 2914 4687 gross.

1808 4691 2200 4740 Turonensium.
