3534 5361
1677 371 1793 441 169

1273 569 1370 627 51.
1463 570 1639 627 1326.
1743 569 1895 626 13de
1938 568 2194 645 August.

678 684 947 733 Johannes
984 685 1251 748 episeopus
1288 699 1327 732 S.
1365 699 1406 732 s.
1446 683 1525 732 dei
1563 683 1758 732 dilectis
1796 682 1916 745 filijs
1953 684 2180 733 Johanni
2234 685 2296 732 de
2348 683 2542 733 Serone
2593 684 2749 749 priori
2808 699 2927 734 con-

541 777 725 817 uentus
762 768 977 818 fratrum
1014 768 1204 818 ordinis
1239 767 1615 832 predicatorum
1668 769 1730 816 de
1782 768 1997 830 Figiaco
2052 766 2376 818 caturcensis
2436 775 2489 818 et
2539 769 2803 818 Bernardo
2865 770 2926 817 de

541 852 737 902 Ortolis
775 853 955 903 rectori
993 852 1204 902 ecclesie
1242 853 1304 900 de
1339 850 1624 902 Noualibus
1658 852 1947 902 Electensis
1972 852 2249 901 diocesium
2270 853 2553 916 apostolice
2579 853 2713 901 sedis
2733 852 2926 914 nuntijs

542 938 758 986 salutem
798 946 849 986 et
901 937 1238 1002 apostolicam
1291 937 1715 986 benedictionem.
1802 937 1885 986 De
1937 945 2107 986 uestre
2159 938 2626 999 circumspectionis
2678 939 2927 987 industria

542 1023 743 1084 plenam
780 1022 832 1070 in
869 1023 1075 1071 domino
1111 1021 1349 1070 fiduciam
1386 1021 1686 1080 obtinenteS,
1722 1021 2257 1085 petendi,colligendi‚
2294 1021 2532 1083 exigendi
2568 1032 2620 1071 et
2654 1022 2927 1087 reeipiendi

543 1106 809 1169 pecuniam
849 1108 1043 1155 decime
1081 1106 1371 1155 sexennalis
1409 1105 1529 1154 olim
1568 1104 1805 1168 imposite
1851 1120 1941 1169 per
1992 1105 2155 1155 felicis
2209 1107 2572 1156 reeordationis
2610 1106 2930 1158 Clementem

543 1206 727 1254 papam
766 1206 828 1240 Ν.
866 1192 1276 1255 predecessorem
1314 1198 1546 1239 nostrum
1582 1192 1633 1239 in
1668 1190 1883 1241 consilio
1918 1189 2198 1239 Viennensi
2225 1205 2316 1255 pro
2344 1190 2569 1240 subsidio
2596 1198 2728 1240 terre
2752 1198 2929 1241 sancte

544 1285 594 1322 et
629 1275 756 1323 alias
794 1283 974 1324 contra
1009 1275 1224 1324 rebelles
1261 1284 1312 1323 et
1347 1274 1579 1324 inimicos
1617 1275 1871 1324 catholice
1904 1274 2021 1323 fidei
2078 1276 2490 1334 conuertendam‚
2530 1292 2561 1325 a
2614 1276 2825 1340 prelatis
2879 1282 2932 1325 et

545 1360 779 1423 capitulis
818 1361 1150 1409 eeclesiarum
1185 1359 1557 1409 cathedralium
1600 1359 1869 1423 Norwcye‚
1923 1358 2116 1408 Swecie
2174 1374 2234 1407 ac
2289 1358 2448 1409 Goeie
2508 1375 2797 1423 regnorum,
2838 1375 2931 1410 nec

545 1459 647 1492 non
684 1453 735 1493 et
769 1445 833 1492 ab
869 1445 992 1509 ipsis
1030 1459 1091 1492 ac
1126 1444 1391 1508 quibusuis
1428 1444 1543 1506 alijs
1580 1446 1809 1507 personis
1847 1443 2203 1492 ecclesiasticis
2248 1444 2451 1492 residua
2488 1444 2621 1493 dicte
2657 1446 2851 1494 decime
2889 1445 2932 1495 si

545 1544 644 1590 qua
680 1537 931 1577 restarent
962 1528 1150 1577 ibidem
1187 1528 1403 1578 forsitan
1441 1529 1731 1591 colligenda
1764 1542 1857 1592 per
1891 1527 2019 1576 alias
2055 1536 2255 1578 nostras
2310 1529 2432 1577 certi
2488 1530 2680 1579 tenoris
2735 1530 2931 1581 litteras

545 1613 690 1662 nobis
726 1621 777 1662 et
813 1621 1038 1661 uestrum
1074 1613 1286 1663 cuilibet
1321 1613 1591 1662 insolidum
1640 1612 1988 1662 concessimus
2041 1611 2355 1662 facultatem.
2448 1612 2702 1663 Volentes
2760 1615 2932 1679 itaque

545 1698 858 1762 prelatorum
897 1704 948 1745 et
985 1712 1314 1762 personarum
1351 1697 1813 1746 ecclesiasticarum
1840 1713 2109 1760 regnorum
2134 1699 2478 1761 predictorum
2504 1713 2778 1760 precauere
2802 1699 2934 1763 peri-

545 1783 673 1831 culis
710 1791 762 1832 et
798 1784 1081 1831 animarum
1118 1783 1387 1845 prouidere
1425 1781 1594 1830 saluti.
1633 1781 1704 1830 eis
1743 1780 1826 1844 qui
1864 1783 2409 1833 excommunicationis
2445 1782 2777 1858 incurrissent
2811 1799 2934 1834 sen-

546 1868 732 1916 tentias
769 1882 863 1931 pro
900 1881 961 1915 eo
999 1867 1136 1929 quod
1172 1867 1362 1916 dictam
1399 1866 1647 1914 decimam
1684 1865 1891 1914 statutis
1930 1867 2152 1915 terminis
2190 1883 2290 1916 nou
2326 1868 2603 1917 soluisscnt
2637 1868 2722 1917 uel
2758 1883 2934 1918 eorum

546 1952 757 2000 ecclesie
795 1960 846 2001 et
880 1952 995 2001 loca
1030 1952 1301 2001 interdicto
1339 1950 1688 2000 ecclesiastico
1741 1960 1953 2013 propter
1996 1951 2095 2000 hoc
2142 1953 2464 2002 subiacerent
2513 1960 2629 2014 post
2683 1952 2936 2015 integram

547 2038 608 2084 de
646 2037 783 2085 dicta
818 2036 1015 2084 decima
1051 2033 1455 2084 satisfactionem
1492 2035 1774 2098 impensam
1812 2036 1875 2083 de
1912 2036 2250 2085 absolutionis
2275 2036 2521 2087 beneficio
2547 2037 2697 2085 iuxta
2720 2035 2937 2087 formam

548 2120 760 2169 ecclesie
798 2136 858 2169 ac
895 2120 1228 2169 relaxationis
1264 2120 1433 2183 gratia
1469 2120 1771 2185 prouidendi
1809 2122 2116 2170 auctoritate
2150 2126 2327 2169 nostra
2364 2135 2561 2171 necnon
2587 2119 2826 2169 cumillis
2853 2121 2938 2185 qui

548 2206 737 2254 eisdem
773 2204 922 2267 ligati
958 2204 1226 2267 sententijs
1261 2205 1568 2254 celebrando
1604 2205 1781 2254 diuina
1817 2205 1899 2253 uel
1936 2206 2266 2255 immiscendo
2304 2220 2357 2254 se
2403 2206 2503 2254 illis
2548 2205 2937 2269 irregularitatis

546 2290 804 2339 maculam
840 2288 1053 2339 forsitan
1093 2291 1473 2338 contraxissent
1508 2290 1837 2354 dispensandi
1873 2291 2181 2339 auctoritate
2215 2290 2443 2354 predicta
2467 2298 2521 2340 et
2543 2291 2614 2340 eis
2639 2289 2941 2354 iniungendi

548 2383 759 2438 propter
792 2374 893 2423 hoc
928 2374 1261 2438 penitentiam
1297 2373 1429 2423 sicut
1465 2373 1704 2437 expedire
1752 2374 1982 2423 uideritis
2043 2375 2339 2435 salutarem,
2392 2374 2541 2423 uobis
2601 2381 2655 2425 et
2707 2382 2938 2424 uestrum

550 2459 759 2508 cuilibet
792 2458 845 2507 in
881 2459 1099 2508 solidum
1138 2459 1342 2522 plenam
1379 2464 1431 2506 et
1463 2457 1676 2507 liberam
1713 2459 2038 2508 concedimus
2075 2466 2250 2508 tenore
2285 2460 2595 2523 presentium
2619 2457 2936 2509 facultatem.

545 2543 741 2592 Datum
780 2543 1041 2593 Aninione
1078 2544 1191 2593 idus
1227 2543 1453 2607 Augusti
1490 2544 1817 2605 pontificatus
1854 2543 2017 2593 nostri
2054 2559 2187 2593 anno
2225 2545 2438 2594 decim0.

1179 2627 1306 2674 (Arcb.
1339 2627 1424 2665 Vat.
1454 2628 1546 2675 neg.
1575 2628 1678 2667 Seer.
1706 2627 1778 2665 Joh
1824 2626 1942 2666 xxn.
1968 2626 2062 2668 ibid.
2091 2639 2153 2676 ep.
2178 2625 2308 2672 2191).

1282 2853 1376 2910 52.
1472 2853 1650 2911 1326.
1748 2850 1898 2910 13de
1942 2853 2198 2928 August.

681 2968 717 3017 J
721 2970 950 3018 ohannes
988 2970 1257 3034 episcopus
1295 2987 1334 3019 s.
1373 2986 1411 3019 s.
1450 2971 1498 3018 d.
1536 2969 1735 3018 dilectis
1762 2967 1883 3030 filijs
1912 2968 2137 3018 Johanni
2164 2970 2226 3018 de
2252 2968 2446 3018 Serone
2472 2969 2630 3034 priori
2657 2976 2938 3018 conuentus

547 3051 760 3103 fratrum
798 3054 988 3104 ordinis
1024 3056 1404 3119 predicatorum
1451 3056 1513 3103 de
1555 3054 1774 3117 Figiaeo
1827 3053 2154 3103 Caturcensis
2208 3062 2260 3102 et
2311 3054 2577 3103 Bernardo
2635 3054 2696 3102 de
2745 3051 2938 3103 Ortolis

547 3139 732 3187 rectori
769 3140 984 3188 ecclesie
1023 3141 1085 3188 de
1119 3140 1407 3189 Noualibus
1435 3138 1725 3188 Electensis
1762 3138 2043 3187 diocesium
2078 3137 2358 3202 apostolice
2395 3139 2529 3187 sedis
2565 3136 2766 3199 nuncijs
2803 3136 2941 3185 salu-

549 3231 650 3271 tem
688 3230 741 3272 et
775 3224 998 3287 apostol.
1020 3225 1284 3274 benedict.
1379 3224 1688 3287 Accepimus
1749 3223 1887 3285 quod
1945 3222 2179 3271 nonnulli
2231 3222 2324 3271 viri
2377 3222 2618 3271 catholici
2666 3236 2941 3284 regnorum

548 3306 797 3371 Norweye
834 3315 889 3357 et
923 3307 1115 3358 Swecie
1153 3319 1205 3358 et
1240 3308 1402 3358 Gocie
1440 3309 1524 3371 qui
1563 3315 1739 3356 notum
1780 3308 1841 3356 de
1879 3308 2145 3356 uisitandis
2181 3307 2536 3369 apostolorum
2574 3309 2637 3356 de
2672 3305 2815 3354 Vrbe
2851 3320 2941 3355 seu

548 3393 712 3441 sancti
748 3391 935 3442 Jacobi
972 3393 1230 3442 liminibus
1267 3409 1357 3443 seu
1392 3393 1444 3441 in
1494 3402 1626 3441 terre
1685 3400 1861 3441 sancte
1917 3392 2200 3441 subsidium
2259 3390 2636 3441 transfretando
2690 3391 2942 3439 emississe

550 3477 787 3526 dicuntur
822 3477 1141 3542 propriorum
1171 3493 1443 3542 corporum
1469 3485 1733 3526 senectute
1757 3474 2006 3525 confracti
2033 3475 2117 3525 uel
2140 3476 2405 3525 incurabili
2430 3477 2723 3527 infirmitate
2749 3476 2940 3525 detenti

549 3575 611 3608 ea
647 3561 901 3625 complere
939 3572 1199 3625 nequeunt
1233 3563 1367 3611 sieut
1401 3570 1599 3625 optant.
1691 3559 1801 3610 Nos
1861 3569 2033 3610 autem
2086 3562 2369 3611 animarum
2405 3563 2632 3625 ipsorum
2668 3561 2941 3624 prouidere

550 3644 702 3693 saluti
739 3654 949 3709 paterne
986 3646 1325 3695 solicitudinis
1362 3648 1531 3696 studio
1569 3647 1829 3709 cupientes
1867 3654 1919 3694 et
1955 3648 2018 3695 de
2053 3657 2223 3696 uestre
2277 3647 2743 3711 circumspectionis
2798 3646 2942 3694 indu·

550 3731 672 3779 stria
706 3731 911 3794 plenam
945 3731 998 3779 in
1035 3731 1245 3779 domino
1280 3731 1521 3779 fiduciam
1557 3729 1861 3780 obtinentes.
1898 3746 2051 3795 super
2085 3733 2217 3782 uotis
2252 3731 2545 3780 huiusmodi
2572 3746 2687 3780 cum
2710 3731 2941 3795 personis

551 3814 736 3863 talibus
774 3815 1099 3879 dispensandi
1137 3817 1445 3865 auctoritate
1482 3823 1661 3864 nostra
1696 3822 1748 3862 et
1784 3829 1846 3863 ea
1880 3816 1932 3863 in
1968 3816 2072 3865 alia
2107 3816 2312 3880 pietatis
2350 3831 2508 3879 opera
2555 3816 2687 3864 sicut
2738 3814 2792 3862 in
2843 3814 2941 3863 deo

552 3899 793 3963 expedire
830 3900 1060 3949 uider-itis
1097 3901 1463 3961 commutandi,
1501 3901 1572 3948 sic
1610 3907 1780 3948 tamen
1815 3899 1953 3961 quod
1990 3906 2188 3949 tantum
2227 3908 2439 3962 erogent
2486 3899 2714 3949 subsidio
2750 3912 2943 3948 memo-

552 3992 665 4032 rato
703 3983 785 4032 uel
820 3984 886 4032 ad
922 3984 1359 4048 expugnationem
1394 3985 1737 4033 hereticorum
1782 3992 1834 4032 et
1885 3985 2152 4034 rebellium
2205 3984 2425 4047 partium
2480 3984 2641 4034 Jtalie
2695 3989 2943 4046 quantum

553 4078 726 4117 essent
759 4067 800 4115 si
838 4077 962 4116 uota
997 4069 1228 4132 predicta
1262 4069 1578 4133 complerent
1611 4068 1663 4117 in
1708 4069 1939 4132 personis
1991 4067 2211 4134 proprijs
2264 4068 2601 4117 communiter
2652 4067 2941 4131 expensuri.

553 4151 719 4201 Vobis
757 4160 807 4201 et
841 4161 1069 4202 uestrum
1104 4153 1315 4202 cuilibet
1349 4154 1622 4204 insolidum
1672 4153 1876 4216 plenam
1922 4161 1974 4202 et
2008 4154 2220 4202 liberam
2257 4154 2582 4202 concedimus
2619 4159 2795 4202 tenore
2830 4164 2944 4215 pre-

555 4237 780 4285 sencium
800 4236 1117 4286 facultatem.
1187 4237 1383 4288 Datum
1394 4237 1653 4288 Aninione
1672 4238 1786 4288 idus
1799 4237 2026 4300 Augusti
2046 4237 2372 4301 pontificatus
2391 4237 2550 4287 nostri
2571 4251 2708 4286 anno
2729 4236 2941 4287 decimo.

1170 4321 1308 4363 (Arch.
1341 4322 1425 4360 Vnt.
1456 4322 1546 4367 neg.
1579 4321 1684 4361 Secr.
1712 4320 1797 4360 Joh.
1825 4319 1946 4361 ΧΧΙΙ.
1975 4319 2070 4360 ibid.
2102 4329 2160 4370 ep.
2188 4319 2324 4363 2198).

1292 4547 1392 4605 53.
1489 4546 1665 4604 1326.
1756 4545 1911 4604 29de
1954 4546 2209 4621 August.

690 4658 970 4710 Johannes
1012 4662 1279 4727 episcopus
1332 4679 1372 4710 S.
1411 4677 1450 4710 s.
1491 4663 1538 4710 d.
1576 4660 1855 4710 venerabili
1903 4658 2050 4708 fratri
2099 4696 2111 4707 .
2150 4695 2163 4708 .
2201 4658 2591 4725 archiepiscopo
2625 4657 2945 4709 Nidrosiensi

552 4755 604 4794 et
639 4745 838 4794 dilectis
876 4745 992 4794 filiis
1028 4747 1279 4796 uniuersis
1331 4746 1618 4807 abbatibuS,
1652 4745 1927 4810 prioribuS‚
1965 4745 2186 4806 decanis,
2221 4744 2512 4809 prepositis,
2549 4744 2806 4808 capitulis,
2841 4745 2947 4794 col·

2417 4814 2540 4874 11*
