3534 5361
1666 336 1780 398 161

540 526 612 576 eis
647 525 701 575 in
734 524 967 589 personis
1003 522 1087 573 nel
1119 523 1269 573 bonis
1304 521 1593 573 molestiam
1627 521 1873 584 inferatis,
1924 524 2047 587 quin
2099 525 2256 575 immo
2309 525 2372 574 de
2430 540 2612 575 securo
2664 523 2920 577 conductu

538 612 708 661 eundo
743 609 991 660 morando
1027 615 1080 658 et
1112 608 1372 657 redeundo
1408 606 1718 671 prouideatis
1754 607 1963 670 eisdem,
1996 609 2128 658 sicut
2161 608 2314 659 suerit
2337 617 2663 674 oportunum,
2687 611 2762 661 ita
2785 611 2920 674 quod

537 711 634 746 nos
670 693 960 745 deuotionis
1003 699 1173 743 uestre
1220 692 1673 757 promptitudinem
1725 694 2084 746 commendare
2137 696 2319 744 merito
2371 694 2653 746 ualeamus.
2720 695 2918 746 Datum

535 781 700 831 Rome
735 780 872 845 apud
907 785 1139 831 sanctam
1162 776 1407 828 Sabinam
1439 791 1600 828 nonas
1633 774 1940 829 Nouembris
1976 777 2308 842 pontificatus
2342 780 2503 829 nostri
2555 794 2689 830 anno
2736 779 2917 844 primo.

1227 860 1361 906 (Arch.
1389 861 1472 901 Vnt.
1501 860 1592 909 lieg.
1623 862 1760 900 Honor.
1787 860 1850 899 lv.
1878 870 1940 901 ιιι.
1967 861 1995 899 1.
2025 872 2085 910 ep.
2112 858 2221 905 218).

1227 1088 1326 1146 39.
1418 1085 1595 1144 1285.
1683 1085 1838 1144 22de
1881 1085 2235 1145 November.

674 1202 936 1253 Honorius
973 1202 1242 1266 episcopus
1278 1217 1318 1252 s.
1355 1216 1394 1249 s.
1432 1201 1480 1250 d.
1518 1199 1705 1252 dilecto
1739 1200 1846 1251 filio
1880 1200 2149 1265 Vguitioni
2202 1201 2423 1265 plebano
2472 1202 2636 1267 plebis
2696 1202 2757 1251 de
2818 1200 2919 1252 Ca-

538 1288 770 1337 stellione
805 1287 1018 1337 Aretine
1055 1287 1289 1345 diocesis,
1325 1285 1592 1349 capellano
1625 1292 1823 1345 nostro,
1858 1284 2122 1335 collectori
2156 1286 2351 1336 decime
2386 1295 2518 1337 terre
2570 1293 2746 1337 sancte
2798 1301 2917 1337 con-

539 1388 679 1422 cesse
715 1373 940 1423 subsidio
975 1372 1029 1421 in
1074 1387 1232 1436 regno
1280 1369 1532 1435 Norweye
1591 1370 1897 1420 auctoritate
1953 1369 2244 1435 apostolica
2299 1372 2598 1422 constituto.
2659 1371 2812 1421 salut.
2865 1380 2918 1421 et

538 1464 702 1522 apost.
735 1457 988 1507 benedict.
1067 1457 1203 1508 Olim
1239 1456 1401 1507 felicis
1437 1452 1807 1505 recordationis
1844 1452 2123 1517 Gregorius
2157 1470 2293 1520 papa
2328 1456 2553 1506 decimus
2591 1457 2919 1520 predecessor

538 1549 714 1592 noster
764 1543 827 1592 de
882 1541 1186 1592 discretione
1245 1542 1380 1591 bone
1441 1542 1685 1590 memorie
1747 1576 1760 1588 .
1821 1573 1833 1587 .
1894 1535 2237 1589 Nidrosiensis
2301 1539 2670 1605 archiepiscopi
2732 1556 2914 1605 gerens

538 1627 768 1676 fidutiam
804 1626 1096 1691 specialem,
1130 1626 1488 1676 collectionem
1523 1624 1716 1675 decime
1751 1632 1884 1674 terre
1920 1630 2095 1673 sancte
2147 1624 2373 1675 subsidio
2428 1626 2685 1689 deputate,
2720 1625 2775 1674 in
2810 1641 2917 1676 om-

538 1712 684 1760 nibus
717 1712 948 1774 partibus
984 1710 1126 1773 regni
1159 1710 1410 1774 Norweye
1446 1710 1539 1760 sibi
1575 1724 1666 1773 per
1699 1723 1819 1758 suas
1855 1708 1949 1757 sub
1983 1693 2323 1759 certa'forma
2357 1709 2506 1759 duxit
2548 1709 2745 1760 litteras
2780 1724 2918 1759 com-

538 1795 851 1845 mittendam.
925 1794 1059 1846 Cum
1093 1802 1266 1845 autem
1298 1809 1394 1844 nos
1429 1796 1483 1844 in
1515 1794 1723 1857 negotio
1756 1792 2048 1843 huiusmodi
2096 1793 2290 1844 decime
2339 1795 2392 1843 in
2446 1794 2637 1844 eisdem
2686 1794 2915 1858 partibus

538 1880 821 1943 colligende
857 1888 907 1929 te
942 1880 1143 1945 prefato
1180 1879 1565 1944 archiepiscopo
1602 1877 1908 1928 auctoritate
1932 1876 2216 1941 apostoliea
2232 1879 2587 1941 subrogantes,
2603 1894 2696 1944 per
2714 1886 2916 1930 nostras

539 1965 628 2013 tibi
664 1965 841 2014 demus
876 1965 1074 2016 litteras
1110 1965 1164 2014 in
1197 1965 1468 2023 mandatis,
1504 1970 1564 2012 ut
1597 1964 1665 2012 ad
1698 1968 1870 2027 partes
1904 1964 2041 2026 ipsas
2077 1969 2128 2011 te
2164 1963 2501 2026 personaliter
2544 1963 2829 2027 conserens,
2864 1965 2918 2015 in

539 2050 716 2099 eodem
751 2051 962 2113 negotio
995 2050 1144 2100 iuxta
1179 2056 1404 2100 tenorem
1456 2049 1741 2099 litterarum
1794 2048 1914 2097 dicti
1967 2046 2341 2111 predecessoris
2394 2064 2547 2114 super
2596 2050 2696 2099 hoc
2753 2050 2918 2102 eidem

538 2134 921 2198 archiepiscopo
958 2136 1280 2196 directarum,
1317 2134 1592 2199 procedere
1627 2134 1836 2182 studeas
1889 2132 2172 2195 diligenter,
2208 2133 2273 2182 ad
2330 2134 2716 2184 instructionem
2775 2142 2917 2186 tuam

538 2228 768 2268 tenorem
798 2218 1081 2268 litterarum
1117 2220 1342 2282 ipsarum
1377 2220 1438 2268 de
1475 2225 1705 2281 regestro
1741 2218 1970 2266 eiusdem
1994 2217 2365 2281 predecessoris
2389 2226 2646 2282 sumptum
2670 2220 2733 2269 de
2757 2220 2915 2271 uerbo

537 2304 603 2351 ad
636 2304 850 2353 uerbum
883 2304 1201 2368 presentibus
1246 2302 1460 2353 fecimus
1496 2302 1747 2363 annotari,
1787 2302 1870 2365 qui
1922 2301 2037 2351 talis
2088 2309 2181 2351 est.
2225 2324 2290 2333 —
2331 2300 2609 2366 Gregorius
2643 2304 2915 2370 episcopus

537 2402 713 2437 seruus
748 2403 1014 2438 seruorum
1049 2388 1131 2438 dei
1164 2386 1440 2437 venerabili
1474 2385 1620 2437 fratri
1667 2422 1681 2435 .
1730 2422 1742 2435 .
1793 2386 2175 2452 archiepiscopo
2225 2385 2542 2437 Nidrosiensi
2591 2388 2810 2440 salutem
2864 2396 2917 2440 et

537 2472 877 2536 apostolicam
900 2472 1321 2522 benedictionem.
1393 2469 1602 2531 Quanto
1637 2470 1943 2521 extimamus
1979 2470 2240 2534 negotium
2275 2479 2406 2522 terre
2442 2481 2617 2524 sancte
2651 2468 2755 2534 [etc.
2778 2482 2832 2523 ut
2866 2474 2917 2524 in

536 2566 749 2621 reyestro
777 2555 993 2621 predicti
1015 2554 1374 2620 predecessoris
1405 2551 1573 2620 usque]
1606 2556 1804 2606 Datum
1848 2555 2090 2619 Lugduni
2124 2554 2232 2619 ‚xij.
2268 2556 2372 2607 kal.
2409 2556 2667 2608 Octobris.
2735 2558 2915 2609 Ponti-

534 2641 716 2693 ficatus
752 2642 914 2693 nostri
947 2656 1082 2693 anno
1120 2641 1288 2692 tertio.
1310 2664 1372 2672 —
1400 2640 1597 2691 Datum
1630 2640 1796 2691 Rome
1830 2641 1967 2706 apud
2004 2647 2234 2692 sanctam
2269 2640 2515 2694 Sabinam
2552 2659 2619 2694 .x.
2656 2644 2761 2695 kal.
2798 2645 2913 2696 De-

536 2727 767 2777 cembris.
835 2727 1173 2778 Pontificatus
1209 2727 1368 2777 nostri
1405 2740 1540 2776 anno
1574 2727 1757 2790 primo.

1224 2806 1357 2856 (Arch.
1391 2809 1475 2849 Vnt.
1504 2810 1596 2857 neg.
1626 2811 1765 2849 Honor.
1794 2810 1857 2850 lv.
1884 2820 1947 2850 ιιι.
1974 2811 2001 2849 1.
2030 2821 2091 2860 cp.
2117 2805 2223 2854 21¹).

1229 3002 1329 3059 40.
1422 3001 1600 3059 1285.
1687 3002 1843 3060 2262
1884 3001 2236 3061 November.

670 3116 930 3167 Honorius
966 3118 1234 3182 episcopus
1269 3132 1309 3166 s.
1346 3131 1388 3166 s.
1425 3117 1473 3165 d.
1511 3115 1699 3166 dilecto
1735 3117 1842 3166 filio
1866 3115 2138 3180 Vguitioni
2171 3115 2392 3180 plebano
2427 3116 2591 3182 plebis
2628 3118 2693 3167 de
2715 3117 2914 3169 Castel-

535 3200 670 3251 lione
705 3201 919 3252 Aretine
954 3203 1186 3264 diocesiS,
1221 3201 1487 3266 capellano
1536 3210 1733 3262 nosti-0,
1769 3200 2032 3251 collectori
2070 3201 2261 3250 decime
2297 3208 2429 3251 terre
2464 3209 2637 3251 sancte
2673 3216 2914 3254 concesse

537 3287 764 3336 subsidio
799 3287 852 3336 iu
887 3302 1048 3350 regno
1081 3285 1333 3350 Norweye
1367 3288 1676 3337 auctoritate
1729 3286 2018 3350 apostolica
2075 3286 2370 3336 constituto.
2426 3285 2578 3336 salut.
2638 3293 2691 3335 et
2747 3296 2913 3352 apost.

533 3371 785 3420 benedict.
857 3371 995 3422 Olim
1028 3369 1191 3420 felicis
1226 3372 1593 3421 recordationis
1629 3370 1907 3433 Gregorius
1943 3386 2079 3435 papa
2113 3370 2338 3420 decimus
2374 3372 2703 3434 predecessor
2734 3379 2914 3422 noster

539 3451 646 3516 [etc.
677 3465 728 3505 ut
764 3457 812 3505 in
839 3455 1069 3521 proxima
1101 3454 1347 3519 superiori
1375 3451 1546 3518 usque]
1585 3455 1652 3504 ad
1684 3454 2072 3505 instructionem
2119 3463 2259 3505 tuam
2314 3463 2546 3508 tenorem
2597 3456 2916 3518 quarundam

535 3541 819 3601 litterarum
855 3543 977 3592 dicti
1018 3539 1390 3605 predecessoris
1425 3540 1772 3590 continentem
1827 3539 2200 3590 declarationes
2255 3541 2502 3603 quasdam
2558 3555 2651 3606 pro
2701 3541 2913 3605 negotio

537 3626 731 3676 decime
767 3627 901 3676 dicte
936 3634 1068 3675 terre
1103 3625 1267 3675 eidem
1302 3624 1685 3689 archiepiscopo
1723 3626 2031 3675 directarum
2067 3625 2129 3675 de
2174 3633 2405 3688 regestro
2452 3625 2611 3693 ipsius
2646 3626 2914 3690 predeces-

538 3711 664 3761 soris
700 3718 961 3775 sumptum
995 3713 1057 3761 de
1092 3710 1249 3760 uerbo
1286 3711 1352 3759 ad
1381 3710 1594 3758 uerbum
1627 3709 1950 3776 presentibus
1969 3709 2180 3760 fecimus
2200 3710 2451 3770 annotari,
2472 3712 2557 3775 qui
2584 3708 2703 3760 talis
2733 3717 2827 3761 est.
2848 3733 2913 3743 -—

538 3795 816 3859 Gregorius
853 3795 1006 3860 episc.
1043 3810 1221 3845 seruus
1263 3810 1453 3845 seruor.
1499 3795 1582 3844 dei
1626 3796 1860 3845 venerab.
1895 3795 2040 3845 fratri
2076 3831 2088 3844 .
2126 3831 2139 3843 .
2176 3795 2561 3860 archiepiscopo
2593 3794 2915 3846 Nidrosiensi

537 3882 690 3932 salut.
710 3890 763 3931 et
795 3881 1131 3946 apostolicam
1164 3880 1413 3929 benedict.
1466 3879 1598 3931 Cum
1631 3895 1726 3945 pro
1762 3880 1972 3942 negotio
2009 3881 2220 3930 decime.
2258 3895 2419 3944 nuper
2450 3880 2504 3930 in
2540 3879 2757 3930 concilio
2774 3879 2915 3944 Lug-

539 3969 750 4016 dunensi
786 3973 918 4016 terre
954 3972 1128 4015 sancte
1162 3965 1388 4014 subsidio
1423 3965 1666 4029 deputate
1703 3959 1813 4025 [etc.
1850 3973 1901 4014 ut
1947 3965 1997 4015 in
2041 3973 2256 4030 reyestro
2302 3963 2516 4029 predicti
2556 3962 2915 4030 predecessoris

547 4050 780 4116 Greqorii
808 4046 975 4114 usque]
1025 4051 1220 4099 Datum
1271 4049 1511 4113 Lugduni
1556 4066 1625 4099 ας.
1671 4049 1775 4099 kal.
1828 4050 2136 4101 Nouembris
2187 4050 2516 4115 pontificatus
2561 4049 2726 4100 nostri
2775 4065 2912 4100 anno

538 4137 703 4188 tertio.
724 4135 1004 4185 —Datum
1037 4135 1202 4185 Rome
1238 4135 1375 4199 apud
1410 4142 1642 4186 sanctam
1675 4134 1919 4186 Sabinam
1938 4151 2008 4184 .x.
2027 4134 2131 4185 kal.
2150 4134 2450 4186 Decembris
2484 4134 2711 4200 pontific.
2749 4133 2914 4184 nostri

537 4237 674 4272 anno
707 4223 891 4287 primo.

1224 4286 1357 4332 (Arch.
1385 4286 1470 4325 Vnt.
1498 4287 1591 4334 neg.
1618 4288 1755 4326 Honor.
1785 4286 1844 4325 lv.
1872 4297 1932 4324 sn.
1960 4287 1987 4325 1.
2016 4297 2077 4335 cp.
2106 4282 2219 4333 212).

1227 4478 1325 4535 41.
1418 4477 1596 4537 1285.
1687 4478 1840 4538 13de
1876 4478 2222 4538 December.

671 4595 931 4648 Honorius
965 4594 1233 4659 episcopus
1269 4609 1310 4642 s.
1346 4607 1387 4642 s.
1424 4594 1472 4643 d.
1492 4592 1681 4644 dilecto
1716 4593 1822 4644 filio
1838 4592 2145 4658 Hnguitioni
2178 4592 2398 4659 plebano
2431 4592 2595 4658 plebis
2628 4592 2693 4643 de
2716 4591 2913 4643 Castel-

535 4682 671 4732 lione
705 4679 918 4730 Aretine
953 4677 1170 4729 diocesis
1203 4677 1473 4744 capellano
1506 4685 1702 4741 nostro,
1755 4678 2021 4730 collectori
2070 4679 2266 4729 decime
2315 4678 2371 4728 in
2420 4677 2579 4728 Datie
2629 4685 2683 4728 et
2736 4677 2913 4730 Suetie

2431 4752 2505 4809 11
