3534 5361
1770 385 1887 443 118

464 581 633 621 romb·-
802 571 951 628 Item
996 570 1184 629 eundo
1230 572 1300 629 de
1343 571 1537 631 Scaris
1582 591 1784 629 uersus
1820 571 2123 629 ecclesiam
2148 570 2583 645 Lincopensem.
2608 569 2737 626 dedi
2760 567 3000 626 homini-

636 672 744 729 bus
788 672 886 747 qui
929 692 1036 748 per
1078 672 1241 729 niues
1285 672 1356 729 de
1399 681 1568 730 nocte
1614 659 1703 730 me
1748 673 2055 729 duxerunt.
2099 672 2237 747 quia
2276 690 2382 746 pro
2422 671 2585 746 equis
2607 689 2720 727 non
2744 679 2998 745 poteram

636 771 913 847 pabulum
957 772 1214 830 inuenire
1259 792 1364 830 nec
1406 772 1601 849 aliqua
1644 773 1923 831 uictualia
1980 802 2034 810 -
2094 772 2165 847 .ij.
2213 790 2395 847 gross.
2441 772 2826 829 TuronenseS.

802 873 949 930 Item
994 893 1148 932 .xxv.
1194 874 1286 931 die
1330 874 1678 932 Nouembris
1723 875 1795 931 de
1840 874 2166 950 Scaeningia
2197 872 2574 948 Lincopensis
2619 873 2861 930 diocesis
2904 871 3000 928 ubi

634 972 827 1030 inueni
894 974 1027 1032 dfitn
1093 975 1449 1051 Episcopum
1516 974 1956 1051 Lincopensem‚
2021 974 2148 1032 misi
2226 973 2499 1031 nuncium
2564 974 2634 1030 ad
2701 972 3000 1030 ecclesiam

635 1073 1062 1133 Vexionensem
1109 1094 1238 1133 cum
1284 1076 1648 1151 processibus
1694 1076 1835 1133 meis
1880 1084 1937 1133 et
1982 1075 2114 1132 dedi
2157 1075 2264 1133 sibi
2308 1094 2415 1150 pro
2462 1072 2759 1132 laboribus
2804 1084 2862 1131 et
2903 1093 3002 1130 ex-

636 1176 829 1250 pensis
872 1205 955 1214 —
1001 1176 1077 1252 .ij.
1124 1196 1301 1234 marc.
1347 1176 1473 1234 den.
1519 1178 1867 1237 Sueuorum.

803 1277 948 1334 Item
993 1277 1086 1335 die
1129 1274 1242 1351 .iijf.8¹
1271 1277 1611 1336 Decembris
1652 1278 1777 1335 misi
1822 1296 1998 1334 vnum
2044 1275 2315 1334 nuncium
2362 1276 2435 1333 ad
2476 1277 2619 1333 dfios
2678 1273 3005 1350 Episcopos

637 1385 693 1434 et
733 1375 1007 1452 Capitula
1049 1377 1440 1447 ecclesiarum,
1488 1378 1942 1454 Strengenensis‚
1982 1376 2313 1436 Arosiensis
2357 1388 2414 1434 et
2476 1374 2816 1453 Vpsalensis
2875 1394 3003 1433 cum

635 1477 998 1553 processibus
1045 1479 1201 1551 meis,
1245 1478 1344 1554 qui
1386 1478 1492 1537 fuit
1533 1479 1590 1535 in
1636 1479 1763 1554 ipsa
1807 1479 1905 1536 uia
1947 1498 2052 1555 per
2096 1477 2189 1552 .iij.
2216 1480 2565 1554 septimanas
2602 1486 2658 1534 et
2681 1475 2926 1551 amplius
2949 1484 3005 1533 et

637 1577 767 1635 dedi
811 1579 917 1637 sibi
962 1598 1067 1655 pro
1110 1579 1405 1638 laboribus
1447 1579 1564 1637 suis
1609 1590 1665 1637 et
1709 1581 1976 1656 expensis
2033 1615 2094 1620 „-
2148 1578 2236 1653 .iij.
2282 1597 2458 1636 marc.
2501 1577 2628 1634 den.
2662 1577 3004 1638 Sueuorum.

801 1680 950 1738 Item
993 1678 1121 1739 misi
1151 1699 1329 1738 vnum
1355 1681 1624 1738 nuncium
1649 1701 1779 1739 cum
1805 1680 2168 1757 processibus
2192 1680 2332 1737 meis
2355 1680 2428 1735 ad
2455 1688 2665 1736 terram
2691 1678 3005 1739 Gotlandie

636 1787 694 1839 et
737 1780 870 1838 dedi
913 1780 1018 1838 sibi
1065 1800 1170 1857 pro
1213 1781 1507 1840 laboribus
1550 1782 1668 1840 suis
1713 1792 1771 1840 et
1813 1781 1987 1839 naulo
2036 1809 2110 1818 --
2158 1780 2230 1855 .ij.
2275 1800 2449 1838 marc
2496 1781 2622 1837 den.
2663 1779 3003 1838 Sueuorum.

802 1881 951 1939 Item
1017 1882 1142 1940 misi
1198 1901 1373 1940 vnum
1433 1883 1702 1941 nuncium
1769 1883 1845 1940 ad
1911 1881 2215 1941 ecclesiam
2282 1882 2616 1939 Aboensem
2682 1880 2741 1937 in
2805 1879 3009 1937 Insula

635 1980 942 2041 Finlandie
986 1990 1044 2041 et
1087 1984 1221 2040 dedi
1263 1984 1371 2042 sibi
1416 2004 1522 2061 pro
1562 1984 1878 2055 laboribu8‚
1924 1983 2191 2059 expensis
2256 1993 2313 2041 et
2374 2000 2480 2056 pro
2547 1981 2720 2038 naulo
2772 2008 2840 2017 --
2891 1979 3003 2054 .ifij,

637 2102 811 2142 marc.
857 2084 986 2142 den.
1031 2084 1358 2167 Sueuomm
1402 2094 1459 2142 et
1500 2085 1658 2142 tenui
1703 2086 1890 2161 ipsum
1934 2084 1991 2141 in
2054 2085 2320 2161 expensis
2388 2091 2518 2140 ante
2587 2091 2643 2139 et
2708 2092 2839 2159 post
2901 2102 3006 2158 per

637 2203 889 2243 mensem
935 2194 991 2243 et
1030 2186 1293 2261 amplius,

803 2286 951 2344 Item
994 2286 1123 2343 dedi
1167 2287 1266 2345 vni
1311 2288 1529 2347 cursori
1575 2288 1671 2345 diii
1714 2287 1919 2345 Karoli
1964 2288 2430 2363 Nesconingsson
2470 2286 2688 2356 Militis,
2714 2286 2810 2341 dfii
2856 2296 3005 2343 terre

637 2407 740 2446 seu
784 2390 1034 2464 regentis
1078 2397 1289 2447 terram
1333 2389 1639 2447 Finlandie
1687 2389 1780 2447 cui
1837 2388 2098 2447 commisi
2162 2388 2339 2447 alium
2405 2407 2738 2464 processum
2803 2388 3006 2445 timens

637 2509 711 2547 ne
753 2488 902 2548 alius
944 2490 1187 2548 nuncius
1230 2499 1468 2565 propter
1508 2491 1772 2566 hyemem
1818 2489 1955 2548 illuc
1999 2490 2194 2547 venire
2238 2509 2351 2548 non
2397 2498 2605 2570 posset.
2673 2486 2807 2546 dedi
2851 2488 3005 2546 dicto

639 2591 858 2650 cursori
898 2619 983 2630 —
1026 2590 1077 2665 .j.
1123 2609 1297 2648 marc.
1343 2591 1469 2648 den.
1514 2591 1860 2651 Sueuorum.

804 2693 955 2751 Item
997 2692 1144 2751 solui
1188 2711 1293 2768 pro
1333 2691 1499 2751 *sera
1542 2694 1616 2750 ad
1659 2693 2028 2769 sigillandum
2070 2693 2291 2751 litteras
2347 2720 2396 2728 -
2460 2692 2600 2769 .iiijqr
2624 2711 2807 2767 gross.
2852 2692 3003 2750 Tur-

639 2813 898 2852 onenses.

804 2896 953 2954 Item
997 2913 1150 2954 anno
1192 2894 1288 2952 diii
1355 2903 1453 2952 ‚m‘l
1498 2903 1624 2953 ccc‘!
1667 2894 1878 2971 xxxiij‘!
1921 2896 2013 2954 die
2081 2896 2193 2971 ‚xij.
2255 2895 2463 2954 mensis
2519 2894 2784 2971 Januarij
2853 2895 3006 2952 exiui

640 2998 710 3054 de
754 2996 1037 3074 Lincopia
1081 3005 1137 3054 et
1178 2997 1256 3054 iui
1301 3016 1502 3055 uersus
1546 2995 1776 3055 Grabro
1823 2996 1922 3054 ubi
1966 2997 2385 3072 parlamentum
2450 2997 2569 3054 fieri
2640 2999 2886 3055 debebat
2952 3006 3007 3053 et

637 3097 855 3155 Prelati
901 3099 1239 3175 congregari
1306 3117 1435 3158 cum
1499 3097 1788 3155 nobilibus
1852 3099 2138 3156 debebant
2207 3108 2264 3154 et
2330 3098 2460 3154 dedi
2523 3098 2749 3156 ductori
2818 3127 2898 3135 —
2957 3097 3006 3172 .j.

635 3198 915 3256 florenum
958 3196 1133 3258 auri¹.

466 3328 634 3365 roiam..
805 3302 950 3358 Item
997 3301 1127 3359 dedi
1192 3300 1366 3377 priori
1435 3300 1861 3376 predicatorum
1926 3300 2355 3358 Visbicensium
2411 3319 2514 3374 per
2580 3319 2751 3375 quem
2806 3299 3008 3376 scripsi

642 3400 757 3458 dfio
803 3412 998 3460 nostro
1042 3422 1192 3479 pape
1246 3431 1309 3439 —
1363 3401 1455 3476 .iij.
1503 3401 1605 3459 sol.
1653 3420 1832 3477 gross.
1879 3401 2323 3460 Turonensium.

804 3502 951 3560 Item
995 3503 1149 3563 facto
1191 3504 1344 3562 dicto
1383 3502 1742 3580 parlamento
1785 3503 2091 3578 publicatis
2129 3503 2337 3561 ibidem
2364 3502 2650 3560 mandatis
2676 3500 3009 3577 apostolicis

640 3623 834 3663 coram
879 3604 1128 3663 Prelatis
1173 3614 1228 3663 et
1272 3604 1426 3663 clero
1470 3605 1567 3680 qui
1636 3603 1713 3661 ibi
1782 3613 2190 3675 conuenerant,
2255 3604 2570 3679 auditoque
2636 3603 2792 3678 quod
2861 3602 3008 3660 dfius

637 3708 768 3765 Rex
812 3715 1052 3763 venerat
1093 3708 1165 3764 de
1206 3706 1522 3782 Norwegia
1565 3706 1638 3763 ad
1684 3705 1931 3763 confinia
1976 3705 2159 3781 Regni
2210 3704 2435 3776 Suecie7
2475 3703 2607 3761 veni
2655 3706 2727 3762 ad
2794 3704 3008 3763 dictum

642 3808 777 3864 d'fim
818 3808 1039 3883 Regem
1083 3817 1140 3864 et
1184 3808 1314 3864 dedi
1359 3808 1694 3865 ductoribus
1737 3805 1834 3882 qui
1891 3825 1980 3863 me
2046 3806 2379 3864 direxerunt
2444 3806 2499 3863 in
2567 3806 2664 3862 uia
2708 3836 2786 3843 —
2837 3804 3008 3880 .xxvj.

639 3928 819 3984 gross.
866 3909 1236 3968 Turonenses
1282 3928 1413 3967 cum
1459 3907 1510 3984 .j.
1554 3908 1846 3982 sterlingO.

805 4011 954 4069 Item
996 4010 1127 4067 dedi
1169 4008 1455 4084 hostiarijs
1501 4007 1671 4065 castri
1730 4007 2009 4066 Bauahus
2062 4044 2129 4050 ——
2178 4008 2293 4084 .xij.
2339 4028 2522 4085 gross.
2571 4009 2957 4066 TuronenseS.

806 4112 954 4168 Item
1014 4111 1145 4168 dedi
1210 4110 1480 4186 vigilibus
1542 4108 1639 4184 qui
1708 4107 1961 4166 clamant
2024 4129 2199 4186 super
2267 4120 2452 4168 turres
2525 4137 2584 4145 —
2645 4109 2781 4184 .viij.
2826 4128 3011 4186 gross-

640 4213 1027 4271 Turonenses.

805 4314 973 4371 Item.
1020 4313 1112 4370 die
1158 4312 1322 4389 .viijvae
1351 4310 1649 4385 Februarij
1694 4310 1905 4369 recessi
1965 4311 2036 4367 de
2103 4311 2361 4369 Ludosia
2424 4321 2725 4387 separatus
2790 4331 2825 4368 a
2889 4311 3005 4367 dfio

638 4417 800 4492 Rege
846 4435 976 4474 cum
1021 4415 1142 4474 eius
1184 4414 1427 4472 licencia
1470 4412 1764 4470 redeundo
1810 4412 1865 4469 in
1912 4411 2180 4471 Sueciam
2228 4423 2286 4470 et
2343 4413 2472 4469 veni
2533 4412 2726 4472 Scaris
2773 4422 2836 4470 et
2883 4411 3015 4468 dedi

642 4515 867 4576 ductori
914 4545 993 4553 -
1039 4515 1170 4591 .viij.
1215 4535 1394 4592 grOSS.
1442 4515 1831 4572 Turonenses.

1804 4610 1912 4672 .xij.
1947 4625 2102 4659 marc.
2143 4620 2340 4660 monete
2379 4610 2607 4661 Sueuice.

710 4676 730 4707 ²
770 4681 834 4731 H.
871 4689 906 4731 t.
976 4676 1102 4745 [αμ]
1139 4681 1348 4732 Summa
1384 4680 1533 4730 huius
1565 4605 1814 4811 pagine{.
1820 4678 1884 4741 vj.
1926 4678 2087 4743 grossi
2124 4678 2463 4729 Turonenses

1804 4746 1857 4809 .j.
1895 4747 2070 4796 floren.
2109 4747 2234 4794 auri.
