3534 5361
1692 414 1694 417 ψ
1725 371 1844 430 103

848 560 1088 619 Summa
1131 560 1505 638 pecuniarum
1552 566 1609 615 et
1632 557 1851 632 argenti

848 664 919 720 de
943 663 1096 720 dicta
1119 662 1344 720 decima
1380 667 1743 735 receptorum
1774 687 1849 695 —-

846 765 903 821 in
967 765 1171 840 Regno
1241 762 1447 824 Suecie
1515 761 1588 818 ad
1662 780 1847 835 gross.

846 866 1216 923 reductorum
1261 894 1344 902 --

646 926 773 1005 [ap-1

848 1067 1087 1127 Summa
1119 1095 1183 1102 -
1215 1065 1341 1125 auri
1388 1066 1458 1122 de
1505 1066 1704 1122 eadem
1753 1065 1850 1120 de-

849 1168 998 1225 cima
1039 1167 1256 1244 recepti
1304 1168 1361 1225 in
1428 1167 1582 1224 dicto
1646 1166 1852 1239 Regno

846 1268 1054 1330 Suecie

1908 608 2101 683 .xlviiti.
2146 610 2271 665 libr.
2319 608 2370 682 ij.
2420 609 2520 666 sol.
2570 616 2626 665 et
2672 605 2810 680 .iiij‘!¹
2838 607 2965 662 den.

1860 732 1869 743 ·
1904 730 2083 785 gross.
2125 708 2549 768 Turonensium
2588 728 2718 767 cum
2748 706 2797 782 .j.
2823 717 2964 766 ster-

1864 745 2079 904 )ling0.

1906 1116 2182 1191 ‚cclxiiijv
2207 1118 2405 1174 floren.
2442 1116 2607 1191 parui

1906 1216 1959 1290 .j.
2003 1218 2131 1274 den.
2180 1219 2251 1275 de
2297 1236 2487 1275 massa
2731 1110 2910 1283 ἔπη

767 1473 909 1530 Item
949 1474 1207 1547 Recepte
1255 1472 1325 1528 de
1368 1470 1589 1528 decima
1635 1472 1932 1528 sexannali
1978 1472 2240 1548 predicta
2283 1471 2337 1527 in
2403 1472 2609 1546 Regno
2655 1471 2968 1545 Norwegie

603 1592 715 1631 .xv.
756 1592 928 1631 marc.
976 1580 1203 1631 monete
1246 1572 1540 1630 Noricane
1586 1600 1663 1607 --
1711 1581 2061 1631 commutate
2102 1573 2328 1630 fuerunt
2371 1592 2477 1648 pro
2537 1600 2616 1609 --
2684 1591 2797 1628 .xv.
2864 1573 2966 1630 sol.

598 1692 777 1750 gross.
825 1674 1267 1733 Turonensium.
1313 1674 1703 1750 computando
1748 1693 2001 1731 marcam
2046 1676 2173 1732 den.
2197 1694 2303 1750 pro
2328 1674 2380 1748 .j.
2406 1674 2710 1748 sol.grOSS.
2737 1674 2966 1731 Turon-

600 1776 839 1834 ensium.

765 1876 911 1933 Item
953 1875 1184 1933 fuerunt
1227 1876 1296 1931 de
1342 1874 1496 1932 dicta
1540 1874 1764 1931 decima
1806 1875 1863 1932 in
1910 1876 2111 1932 eodem
2135 1876 2339 1950 Regno
2376 1875 2688 1951 Norwegie
2710 1876 2968 1950 Recepte

607 2004 672 2013 -·-
725 1976 877 2052 .xvij.
921 1976 1046 2034 libr.
1090 1975 1233 2051 xiiij.
1279 1976 1381 2033 sol.
1427 1984 1483 2033 et·
1527 1995 1597 2034 .v.
1647 1977 1773 2033 den.
1818 1996 1999 2051 gross.
2045 1976 2488 2034 Turonensium.

810 2248 964 2305 dicta
988 2247 1212 2305 decima
1233 2255 1595 2322 receptorum
1620 2247 1674 2303 in
1704 2247 1911 2321 Regno
1967 2216 2143 2271 .xan.
2192 2197 2315 2255 hbr'
2367 2217 2443 2253 α’
2487 2197 2591 2255 ⁸⁰1⁰
2638 2207 2695 2255 et
2737 2218 2792 2255 ν’
2838 2199 2967 2255 den'

603 2140 736 2221 [ap]
794 2146 1030 2205 Summa
1068 2144 1443 2221 pecuniarum
1481 2153 1538 2202 et
1571 2145 1794 2220 argenti
1840 2146 1911 2203 de

808 2348 1121 2424 Norwegic
1166 2349 1239 2405 ad
1283 2367 1462 2422 grOSS.
1522 2154 1951 2416 reductorum.{

1969 2318 2027 2373 gx
2042 2317 2153 2354 ose.
2197 2297 2641 2356 Turonensium.

853 2518 1091 2577 Summa
1134 2537 1487 2575 summarum
1533 2502 1908 2593 pecuniarum
2815 2592 2828 2604 .
2996 2523 3168 2583 meaa.

853 2629 910 2676 et
956 2618 1177 2696 argenti
1223 2619 1294 2675 de
1339 2619 1564 2677 decima
1607 2620 1907 2677 sexannali
1961 2619 2308 2695 .cclxxxviij.
2367 2621 2493 2678 libr.
2564 2631 2620 2676 et
2681 2602 2773 2694 '.vj.
2843 2620 2969 2677 den.

852 2730 1214 2797 receptorum
1258 2721 1315 2776 in
1361 2720 1527 2779 dictis
1549 2721 1731 2780 tribus
1753 2724 1908 2798 Reg-
1961 2740 2143 2797 gross.
2189 2722 2635 2781 Turonensium.

853 2823 941 2881 nis
986 2823 1059 2879 ad
1104 2841 1334 2898 grossos
1378 2823 1767 2881 reductorum.

604 2969 747 3051 [ap]
1964 2999 2043 3048 .vc.
2086 2990 2347 3066 lxxxviij.
2387 2994 2510 3050 flor.
2558 2993 2723 3068 parui

1964 3091 2074 3166 ,lvj.
2120 3093 2246 3150 den.
2292 3094 2363 3150 dc
2408 3112 2599 3152 massa
2825 3094 2968 3150 auri.

648 3216 731 3314 ὅ
854 3178 1092 3238 Summa
1144 3177 1338 3239 tocius·
1383 3177 1508 3234 auri
1567 3178 1786 3254 recepti
1839 3179 1909 3236 de
1964 3194 2058 3269 fij,
2106 3194 2262 3269 Agni

855 3280 1008 3338 dicta
1054 3278 1276 3337 decima
1319 3279 1376 3335 in
1423 3279 1588 3337 dictis
1631 3280 1866 3356 Regnis.
1964 3296 2037 3371 ,ᾖ
2104 3315 2280 3353 mal-0,
2344 3315 2475 3354 eum
2556 3296 2790 3353 dimidio
2865 3296 2970 3353 Sol,

811 3410 826 3474 χ
1967 3397 2092 3455 auri
2135 3396 2192 3452 in
2217 3416 2421 3456 massa.
2448 3397 2643 3474 pixide
2667 3398 2792 3456 auri
2817 3416 2972 3456 com-

826 3482 837 3501 *
1963 3506 2182 3575 putata.

772 3670 916 3727 Item
939 3669 1197 3743 Recepte
1243 3669 1313 3725 de
1359 3687 1535 3726 censu
1581 3668 1821 3727 ecclesie
1865 3671 2127 3728 Romane
2172 3669 2267 3744 qui
2316 3669 2583 3728 denarius
2623 3668 2779 3726 beati
2813 3668 2974 3726 Petri

606 3780 856 3830 vocatur
897 3771 953 3827 in
1002 3770 1163 3846 regni
1207 3770 1394 3829 Dacie
1439 3770 1638 3846 .lxxiij.
1680 3790 1856 3828 marc.
1906 3790 2035 3828 cum
2083 3768 2317 3828 dimidia
2362 3779 2418 3828 et
2453 3771 2567 3846 .xij.
2594 3772 2721 3827 den.
2749 3780 2973 3828 monete

605 3871 934 3933 Scaniensis
981 3881 1328 3929 commutate
1372 3871 1603 3929 fuerunt
1646 3893 1750 3948 pro
1799 3906 1866 3914 -—
1920 3872 2012 3947 .iij.
2056 3873 2183 3930 libr.
2229 3873 2367 3948 xiiij.
2414 3875 2518 3932 sol.
2564 3882 2621 3931 et
2680 3871 2775 3945 .vj.
2842 3873 2971 3929 den.

605 3993 734 4032 cum
784 3972 1018 4030 dimidio
1059 3992 1241 4048 gross.
1289 3973 1732 4032 Turonensium.
1780 3976 2167 4050 computando
2214 3988 2469 4034 marcam
2510 3978 2636 4034 den.
2659 3993 2765 4049 pro
2790 3974 2840 4049 .j.
2867 3973 2973 4032 sol.

605 4095 785 4151 gross.
828 4074 1273 4134 Turonensium.

773 4247 923 4303 Item
965 4246 1225 4322 Recepte
1271 4245 1340 4302 de
1386 4246 1592 4303 eodem
1638 4265 1813 4304 censu
1857 4245 1913 4302 in
1960 4246 2113 4303 dicto
2156 4247 2362 4322 Regno
2405 4247 2592 4304 Dacie
2622 4226 2725 4283 ‘—-
2798 4246 2973 4321 .xlvij.

604 4348 708 4406 sol.
750 4367 932 4423 gross„
976 4345 1421 4404 Turonensium.

693 4511 824 4592 [apl.
911 4515 1152 4576 Summa
1193 4515 1570 4592 pecuniarum
1637 4525 1693 4573 et
1755 4517 1978 4593 argenti
2047 4518 2117 4574 de
2173 4516 2261 4592 .vj.
2306 4517 2434 4574 libr.
2480 4527 2536 4575 et
2559 4515 2653 4591 .vj.
2690 4518 2816 4575 den.
2843 4535 2974 4574 cum

900 4617 1054 4675 dicto
1123 4636 1300 4675 censu
1364 4626 1727 4693 receptorum
1788 4619 1846 4676 in
1912 4619 2117 4694 Regno
2174 4618 2407 4696 dimidio
2452 4638 2630 4695 gross.
2670 4621 2974 4703 Turonenff·

899 4719 1084 4777 Dacie
1129 4719 1204 4776 ad
1247 4736 1477 4794 grossos
1518 4719 1906 4777 reductorum.
2172 4719 2334 4776 sium.
