3534 5361
1757 337 1875 396 138

621 537 785 587 nuper
822 522 1059 571 ordinata
1095 521 1368 572 subuentio
1407 520 1499 570 sub
1539 536 1628 584 spe
1664 520 1803 569 illius
1840 520 1902 569 de
1957 520 2100 569 cuius
2154 521 2314 571 solius
2368 522 2608 572 clementi
2666 521 3013 584 prouidentia,

622 613 674 656 et
709 607 977 655 clementia
1012 606 1226 669 prouida
1264 605 1519 655 ordinatio
1556 605 1674 654 talis
1711 613 1762 655 et
1800 613 1944 654 tanta
1979 606 2245 668 processit,
2291 607 2480 656 laboris
2537 612 2772 671 optatum
2819 605 3017 654 exitum

622 689 941 755 repromittit.
1016 688 1453 739 conuenientibus
1491 690 1738 753 siquidem
1776 689 1828 738 in
1874 689 2055 737 eodem
2109 690 2330 740 concilio
2388 692 2645 741 nonnullis
2701 689 3015 755 principibus

622 782 673 823 et
708 774 915 838 prelatis
964 775 1025 822 de
1062 775 1237 822 mundi
1288 775 1516 838 partibus
1572 775 1835 835 vniuersis,
1889 773 2207 837 aliorumque
2261 775 2544 839 principum
2597 775 2913 841 prelatorum
2966 780 3018 823 et

622 859 965 923 capitulorum
1018 857 1216 920 nuneijs
1272 866 1390 923 post
1425 859 1707 908 subsidium
1742 857 2074 923 pecuniarum
2110 858 2367 908 communi
2406 874 2659 909 consensu
2694 866 2827 909 terre
2859 859 3017 922 depu-

624 951 784 993 tatum
821 926 1000 1002 eidem,
1037 943 1275 991 conuenit
1311 942 1537 992 omnium
1574 944 1827 992 sententia
1879 943 1930 992 in
1982 944 2218 1008 idipsum,
2273 943 2510 993 videlicet
2570 952 2625 993 vt
2682 943 2733 992 in
2788 942 3018 1007 generali

623 1028 881 1092 passagio,
920 1027 1062 1076 euius
1100 1028 1333 1076 celeriter
1368 1034 1578 1075 auctore
1616 1028 1827 1076 domino
1881 1028 2152 1077 terminum
2205 1028 2507 1092 prefigemus
2563 1027 2809 1077 vniuersis
2864 1025 3016 1077 chri-

622 1111 816 1161 sticolis
854 1119 1034 1160 contra
1068 1111 1397 1175 blasphemos
1436 1113 1642 1161 eosdem
1679 1113 2020 1163 conflantibus
2057 1112 2189 1161 vires
2227 1129 2364 1173 suas,
2404 1121 2595 1176 quanto
2644 1112 2741 1160 erit
2794 1108 3017 1160 Christi-

623 1211 834 1245 anorum
872 1196 1029 1244 virtus
1066 1197 1208 1244 vnita
1266 1195 1537 1259 potentior,
1596 1203 1741 1246 tanto
1801 1199 1869 1246 ad
1927 1198 2285 1246 liberationem
2344 1203 2475 1245 terre
2528 1196 2753 1258 predicte
2811 1195 2881 1245 sit
2931 1196 3018 1244 via

623 1280 865 1340 securior,
903 1280 969 1328 sit
1006 1279 1361 1343 opportunitas
1397 1281 1692 1344 promptior,
1729 1291 1782 1331 et
1820 1284 1881 1332 de
1917 1283 2007 1331 illa
2036 1282 2151 1330 Deo
2183 1280 2390 1345 auspice
2409 1296 2524 1346 spes
2543 1282 2732 1330 certior
2748 1280 3015 1328 habeatur.

624 1364 864 1415 Ceterum
918 1364 1038 1412 lieet
1091 1363 1157 1411 ad
1201 1364 1506 1413 excitandos
1567 1368 1844 1417 eorundem
1896 1367 2120 1415 fidelium
2174 1366 2373 1415 animos
2436 1366 2486 1414 in
2539 1372 2671 1416 terre
2733 1370 3016 1413 memorate

624 1462 918 1497 succursum
957 1445 1190 1496 sufficere
1226 1449 1410 1497 debeat
1445 1448 1684 1497 solertior
1719 1451 1935 1500 attentio
1952 1451 2331 1515 premissorum,
2351 1450 2472 1499 licet
2490 1450 2654 1513 possit
2677 1463 2784 1498 non
2807 1448 3015 1511 indigne

623 1533 833 1597 sperari,
872 1532 1006 1595 quod
1044 1531 1086 1580 si
1121 1531 1295 1581 fideles
1332 1532 1487 1595 ijdem
1526 1548 1625 1595 quo
1663 1535 1849 1584 debent
1884 1535 2087 1600 pietatis
2114 1535 2264 1584 oculo
2285 1542 2470 1583 terram
2490 1535 2703 1584 eandem
2722 1531 3016 1595 respiciant,

623 1618 665 1666 si
701 1618 767 1665 ad
802 1616 1169 1680 persecutionis
1206 1617 1554 1677 acerbitatem,
1593 1632 1745 1681 quam
1782 1626 1917 1669 terra
1954 1619 2131 1669 eadem
2170 1620 2425 1668 continuis
2471 1617 2712 1668 lacessita
2758 1616 3015 1679 molestijs

622 1716 683 1750 ac
721 1699 947 1750 diuitinis
984 1701 1345 1750 vexationibus
1381 1702 1594 1761 lassata,
1631 1706 1926 1767 perpetitur,
1976 1711 2281 1753 conuertant
2314 1702 2396 1766 pie
2456 1702 2827 1767 compassionis
2862 1702 3016 1750 intui-

625 1793 748 1845 tum,
786 1785 1178 1849 discriminaque
1215 1787 1553 1845 considerent,
1593 1802 1688 1849 que
1747 1803 1838 1852 per
1888 1789 1987 1837 hoc
2041 1790 2205 1837 eidem
2256 1788 2375 1836 fidei
2429 1787 2720 1837 orthodoxe
2775 1801 2878 1835 non
2940 1793 3019 1835 est

622 1869 831 1919 dubium
866 1869 1145 1931 imminere,
1181 1872 1247 1919 ad
1283 1870 1645 1919 assumendum
1683 1879 1814 1922 terre
1851 1870 2078 1935 sepefate
2115 1874 2382 1935 negotium
2440 1886 2493 1920 se
2540 1872 2712 1935 potius
2762 1871 3016 1934 ingerent,

622 1969 773 2018 quam
812 1954 1013 2003 inuitari
1048 1956 1112 2004 ad
1148 1956 1248 2004 hoc
1285 1955 1694 2005 commonitionis
1730 1958 1947 2007 alicuius
1973 1955 2220 2020 suffragio
2244 1956 2607 2020 expectabunt.
2683 1953 2820 2015 Quia
2844 1962 3018 2004 tamen

623 2054 884 2102 speramus
922 2041 1057 2103 quod
1094 2055 1272 2089 vocem
1306 2041 1506 2089 virtutis
1545 2042 1730 2091 tribuet
1767 2043 2001 2091 dominus
2039 2042 2151 2091 voci
2204 2057 2311 2099 sue,
2351 2042 2562 2091 verbum
2598 2039 2762 2089 crucis
2798 2040 2865 2088 ad
2899 2055 3017 2101 pro-

621 2124 900 2174 motionem
937 2125 1094 2189 ipsius
1130 2125 1322 2188 negotij
1361 2126 1412 2173 in
1447 2126 1627 2175 vestris
1665 2126 1957 2176 ciuitatibus
2006 2134 2058 2176 et
2109 2126 2395 2176 diocesibus
2459 2124 2778 2174 decreuimus
2830 2139 3017 2189 propo-

621 2210 857 2268 nendum,
897 2210 962 2258 ad
999 2211 1133 2273 quod
1169 2225 1231 2259 eo
1269 2210 1606 2260 confidentius
1643 2226 1888 2274 personas
1925 2218 2118 2260 vestras
2155 2210 2395 2261 duximus
2421 2210 2703 2272 eligendaS,
2729 2214 2830 2273 quo
2850 2210 3013 2272 magis

622 2295 687 2343 ad
723 2296 774 2344 id
810 2294 943 2344 farne
981 2303 1147 2343 vestre
1185 2295 1389 2343 claritas
1427 2303 1478 2345 et
1513 2295 1787 2358 pastoralis
1835 2295 1989 2357 officij
2052 2295 2279 2345 debitum
2337 2311 2433 2345 nos
2495 2296 2697 2344 inuitat.
2788 2294 3013 2358 Ideoque

629 2378 932 2429 fraternitati
985 2387 1148 2429 vestre
1201 2379 1561 2443 predicationis
1616 2378 1840 2429 officium
1903 2380 1957 2429 in
2016 2381 2206 2429 eisdem
2261 2380 2556 2430 ciuitatibus
2617 2387 2669 2429 et
2726 2380 3013 2429 diocesibus

620 2465 933 2527 presentium
966 2464 1273 2513 auctoritate
1309 2461 1691 2525 committimus,
1745 2464 1797 2513 in
1850 2464 2202 2531 remissionem
2261 2464 2613 2530 peccaminum
2671 2464 3013 2526 iniungenteS,

621 2554 871 2611 quatenus
908 2549 962 2598 in
998 2549 1285 2597 huiusmodi
1322 2547 1492 2598 officio
1527 2549 1676 2597 iuxta
1711 2550 1884 2598 datam
1921 2550 2061 2598 vobis
2098 2565 2129 2598 a
2164 2550 2279 2600 Deo
2317 2550 2640 2614 prudentiam
2659 2550 3012 2614 procedentes,

621 2632 750 2683 illud
785 2633 1061 2684 efficaciter
1097 2639 1146 2682 et
1183 2634 1472 2696 prudenter,
1511 2647 1614 2683 non
1651 2634 1887 2684 obstante
1924 2635 2060 2699 quod
2097 2635 2196 2686 hoc
2232 2634 2368 2684 idem
2404 2632 2491 2697 alij
2530 2632 2747 2684 forsitan
2780 2632 2847 2682 sit
2874 2647 3013 2683 com-

622 2719 834 2766 missum
869 2719 1054 2780 exequi
1088 2718 1351 2779 studeatis,
1389 2734 1564 2769 omnes
1619 2735 1746 2782 quos
1802 2721 1867 2769 ad
1918 2721 2017 2769 hoc
2073 2722 2220 2770 vtiles
2273 2718 2382 2769 fore
2436 2719 2682 2783 putabitis
2736 2718 3011 2768 instantius
3053 2757 3056 2760 >

621 2802 926 2863 inducendO,
965 2808 1018 2851 vt
1053 2803 1385 2866 suscipientes
1423 2818 1538 2852 cum
1576 2805 1863 2854 reuerentia
1921 2806 2122 2868 signum
2175 2805 2355 2865 cruciS,
2390 2806 2657 2868 ipsumque
2704 2802 2811 2853 suis
2847 2803 3013 2852 cordi-

618 2887 715 2937 bus
751 2895 803 2936 et
835 2888 1060 2938 humeris
1097 2886 1365 2951 affigentes
1401 2889 1467 2936 ad
1503 2895 1636 2937 terre
1672 2897 1952 2940 memorate
1990 2905 2288 2940 succursum
2345 2888 2558 2937 viriliter
2616 2903 2669 2936 se
2721 2887 3011 2950 accingant,

621 2987 681 3021 ae
712 2972 869 3035 ipsius
908 2973 1172 3035 negotium
1206 2973 1425 3021 fideliter
1459 2981 1791 3036 exequantur.
1864 2973 1935 3023 Et
1972 2983 2022 3022 vt
2055 2973 2213 3037 ijdem
2250 2972 2425 3022 fideles
2464 2974 2713 3036 premissa
2747 2988 2809 3022 eo
2844 2973 3008 3023 liben-

619 3057 719 3105 tius
758 3063 908 3119 atque
944 3055 1222 3106 feruentius
1257 3057 1492 3121 prosequi
1530 3059 1772 3107 studeant
1807 3074 1906 3122 quo
1953 3059 2205 3122 potiorem
2257 3075 2311 3108 se
2364 3057 2606 3106 nouerint
2664 3056 2887 3107 fructum
2940 3073 3008 3108 ex

619 3142 722 3189 suis
756 3141 1018 3191 laboribus
1056 3150 1401 3206 pereepturOS,
1437 3156 1531 3190 nos
1568 3143 1629 3190 de
1690 3142 2051 3206 omnipotentis
2104 3145 2185 3193 dei
2235 3143 2582 3202 misericorda,
2636 3149 2688 3191 et
2741 3141 3010 3192 beatorum

616 3226 753 3275 Petri
793 3232 844 3275 et
880 3226 1027 3275 Pauli
1063 3226 1415 3290 apostolorum
1451 3227 1558 3275 eius
1594 3227 1901 3277 auctoritate
1960 3228 2156 3288 confisi,
2207 3235 2259 3277 et
2311 3227 2401 3276 illa
2454 3242 2606 3290 quarn
2659 3225 2808 3275 nobis
2867 3227 3010 3276 Deus

613 3309 807 3372 ligandi
844 3318 997 3374 atque
1033 3312 1267 3360 soluendi
1304 3310 1522 3360 contulit
1556 3319 1812 3374 potestate
1851 3313 2083 3362 omnibus
2119 3327 2235 3361 vere
2271 3311 2617 3376 penitentibus
2665 3318 2718 3359 et
2741 3309 3009 3372 confessis,

616 3393 699 3457 qui
736 3394 1025 3444 huiusmodi
1077 3395 1306 3445 laborem
1343 3395 1601 3445 salutifere
1661 3398 1825 3446 crucis
1879 3397 2028 3460 signo
2088 3403 2327 3460 suscepto
2387 3396 2439 3445 in
2491 3395 2721 3460 personis
2782 3395 3006 3460 proprijs

617 3478 862 3528 subierint
896 3488 948 3528 et
983 3481 1241 3544 expensiS,
1277 3482 1482 3544 plenam
1516 3490 1844 3544 pcccatorum
1879 3497 2103 3543 suorum,
2141 3482 2202 3529 de
2240 3480 2421 3544 quibus
2448 3481 2601 3530 corde
2622 3480 2825 3529 contriti
2847 3488 2899 3530 et
2921 3496 3009 3530 ore

617 3562 836 3613 confessi
874 3564 1075 3626 fuerint,
1112 3565 1309 3613 veniam
1346 3565 1685 3628 indulgemuS,
1724 3574 1776 3616 et
1811 3567 1864 3615 in
1901 3566 2285 3615 retributionem
2320 3566 2570 3615 iustorum
2606 3564 2787 3614 salutis
2836 3572 3010 3615 eterne

616 3647 918 3710 pollicemur
952 3657 1298 3713 augmentum.
1369 3649 1463 3698 Eis
1499 3658 1669 3698 autem
1708 3652 1792 3715 qui
1831 3667 1934 3700 non
1969 3651 2022 3699 in
2047 3651 2275 3714 personis
2296 3649 2658 3714 proprijsillue
2678 3649 3006 3709 accesserint,

616 3732 703 3780 sed
741 3731 790 3779 in
827 3732 932 3781 suis
969 3735 1223 3783 duntaxat
1258 3735 1495 3798 expensis
1532 3735 1679 3784 iuxta
1716 3736 1987 3798 qualitates
2024 3741 2074 3784 et
2110 3733 2380 3783 facultates
2436 3749 2554 3783 suas
2607 3733 2744 3783 viros
2797 3734 3009 3784 idoneos

615 3817 915 3867 destinarint
946 3820 1052 3868 illic
1088 3821 1235 3868 iuxta
1291 3820 1558 3882 prudentie
1617 3827 1782 3869 vestre
1841 3821 2106 3870 arbitrium
2157 3826 2460 3879 moraturos,
2515 3827 2567 3867 et
2617 3818 2721 3868 illis
2775 3820 3012 3868 similiter

616 3903 715 3964 qui,
740 3902 862 3951 lieet
895 3904 948 3952 in
983 3904 1162 3952 alienis
1199 3906 1454 3967 expensiS,
1489 3906 1542 3954 in
1580 3904 1808 3971 personis
1846 3912 2018 3953 tamen
2051 3904 2274 3968 proprijs
2300 3911 2561 3966 assumpte
2582 3904 3009 3967 peregrinationis

613 3987 903 4036 huiusmodi
938 3985 1167 4037 laborem
1204 3988 1553 4054 impleuerint,
1579 3990 1783 4053 plenam
1819 4004 2031 4038 suorum
2066 3990 2392 4038 concedimus
2425 3988 2626 4037 veniam
2657 3997 3004 4053 peecatorum.

614 4070 779 4119 Huius
817 4086 1018 4135 quoque
1054 4072 1366 4122 remissionis
1402 4075 1635 4124 volumus
1673 4089 1783 4123 esse
1819 4075 2091 4138 participes
2125 4074 2276 4123 iuxta
2312 4074 2656 4138 quantitatem
2705 4073 2915 4136 subsidij
2956 4081 3007 4123 et

613 4155 902 4204 deuotionis
940 4156 1197 4219 affectum,
1236 4173 1412 4208 omnes
1450 4159 1535 4222 qui
1572 4161 1637 4208 ad
1683 4160 2075 4209 subuentionem
2110 4159 2270 4222 ipsius
2325 4157 2517 4222 negotij
2582 4158 2646 4207 de
2699 4158 2846 4208 bonis
2904 4159 3008 4209 suis

613 4255 835 4303 congrue
872 4242 1248 4292 ministrabunt.
1322 4243 1573 4292 Personas
1609 4245 1831 4306 insuper,
1866 4243 2086 4293 familias
2125 4251 2176 4293 et
2208 4244 2347 4293 bona
2377 4258 2573 4315 eorum,
2593 4257 2661 4291 ex
2680 4258 2780 4305 quo
2802 4258 3007 4293 crucem

613 4327 944 4388 susceperint,
979 4329 1073 4377 sub
1109 4329 1246 4378 beati
1302 4328 1441 4378 Petri
1502 4335 1553 4377 et
1604 4335 1779 4378 nostra
1829 4331 2150 4392 protectione
2211 4328 2533 4390 suscipimus,
2596 4334 2896 4389 statuentes,
2955 4336 3011 4378 vt

613 4411 706 4459 sub
744 4410 1133 4462 diocesanorum
1167 4429 1378 4463 suorum
1431 4411 1724 4462 defensione
1784 4414 2081 4462 consistant.
2142 4412 2218 4462 Vt
2265 4419 2438 4461 autem
2473 4408 2629 4474 ijdem
2665 4413 3011 4475 crucesignati

614 4509 674 4543 eo
711 4505 1031 4560 exequantur
1064 4499 1304 4548 libentius
1343 4505 1394 4547 et
1428 4496 1706 4547 feruentius
1742 4506 1920 4547 votum
1958 4514 2122 4557 suum,
2150 4512 2249 4561 quo
2275 4496 2505 4561 pluribus
2532 4495 2722 4545 fuerint
2744 4495 3009 4546 fauoribus

612 4581 910 4629 communiti
946 4585 1258 4646 presentium
1307 4583 1582 4632 autoritate
1636 4583 1981 4641 concedimus,
2037 4589 2087 4631 vt
2146 4581 2304 4644 ijdem
2358 4581 2458 4629 illis
2514 4579 2796 4645 priuilegijs
2852 4596 3009 4645 eaque

611 4665 929 4714 immunitate
967 4667 1244 4728 gaudeant,
1283 4681 1378 4731 que
1413 4668 1465 4715 in
1501 4667 1725 4729 generali
1773 4666 2270 4729 crucessignatorum
2306 4665 2626 4728 indulgentia
2666 4665 3010 4726 continentur,
