3534 5361
1751 330 1829 389 82

403 431 548 471 rot-53.
570 434 608 470 b.

408 500 460 535 og
491 489 550 525 54.
573 499 606 525 a.

410 551 473 577 ere
516 540 610 576 ube-

424 592 594 627 sltrevne.

411 641 581 679 r0151b.
617 607 966 709 Sequitur
1038 617 1246 681 tenor
1318 605 1705 680 litterarum
1784 631 2014 706 super
2108 605 2545 703 colligendis
2641 601 2987 680 fructibus

610 740 1129 817 beneficiorum
1207 745 1632 815 vacancium
1711 766 1905 815 nunc
1982 766 2114 840 per
2189 738 2602 815 Triennium
2680 749 2751 812 et
2813 737 2985 811 alias

795 901 927 976 per
987 874 1369 950 Biennium
1439 876 1504 948 in
1570 872 1837 973 Regno
1907 874 2180 951 Suecie
2245 877 2360 974 qui
2439 874 2596 948 talis
2663 881 2794 946 est.

776 1024 1076 1082 Johannes
1121 1023 1429 1098 episcopus
1473 1042 1675 1080 seruus
1721 1042 2020 1080 seruorum
2068 1023 2156 1079 dei
2204 1023 2435 1079 Dilecto
2478 1023 2594 1078 filio
2631 1022 2808 1078 Petro
2834 1019 2981 1078 Ger·

609 1125 754 1181 uasii
804 1125 1083 1181 canonico
1127 1124 1458 1181 Viuariensi
1506 1124 1822 1198 apostolice
1868 1126 2020 1182 sedis
2066 1125 2277 1182 nuncio
2323 1123 2584 1182 Salutem
2634 1133 2686 1179 et
2751 1131 2984 1196 aposto·

609 1226 778 1282 licam
825 1226 1312 1282 benediccionem.
1415 1226 1693 1283 Volentes
1756 1225 1973 1281 dudum
2042 1225 2250 1282 nostris
2318 1235 2373 1281 et
2440 1223 2679 1281 ecclesie
2724 1223 2983 1279 Romane

610 1327 1047 1385 necessitatibus
1123 1328 1333 1401 quibus
1410 1329 1803 1400 grauabamur
1867 1326 2015 1383 sicut
2078 1327 2267 1382 adhuc
2331 1326 2565 1400 grauari
2635 1322 2984 1380 dinoscimur

607 1427 934 1502 prouidere,
978 1428 1215 1496 fructus,
1259 1427 1515 1484 redditus
1563 1439 1619 1483 et
1663 1438 1980 1502 prouentus
2026 1427 2191 1501 primi
2236 1427 2370 1483 anni
2410 1425 2663 1482 omnium
2700 1435 2757 1481 et
2788 1425 2983 1498 singu-

606 1529 792 1585 lorum
839 1530 1247 1586 beneficiorum
1295 1528 1816 1585 ecclesiasticorum
1864 1548 1993 1586 cum
2043 1548 2183 1584 cura
2248 1528 2342 1584 uel
2408 1528 2528 1585 sine
2596 1546 2753 1593 cura,
2799 1525 2981 1599 digni·

604 1637 786 1685 tatum
835 1629 1024 1699 etiam,
1070 1643 1479 1705 personatuum
1540 1641 1596 1686 et
1653 1628 1993 1700 officiorum,
2059 1630 2557 1700 monasteriorum,
2625 1629 2979 1703 prioratuum

606 1742 662 1786 et
706 1732 949 1788 aliorum
993 1731 1251 1789 locorum
1300 1733 1821 1790 ecclesiasticorum
1861 1744 1978 1789 tam
2020 1731 2366 1790 secularium
2393 1750 2568 1807 quam
2607 1730 2980 1805 regularium,

606 1843 1002 1907 exemptorum
1051 1844 1108 1889 et
1152 1854 1263 1890 non
1312 1846 1728 1910 exemptorum,
1775 1854 1888 1910 que
1932 1833 1987 1889 in
2035 1833 2225 1908 regnis
2271 1832 2601 1906 Norwegie,
2647 1831 2856 1890 Suecie
2925 1839 2983 1885 et.

606 1933 792 1992 Gocie
838 1918 981 1991 tunc'
1020 1936 1308 1991 vacabant
1352 1946 1409 1991 et
1452 1955 1565 2009 que
1611 1954 1794 2010 usque
1839 1938 1912 1992 ad
1974 1936 2299 2003 triennium,
2358 1933 2856 2009 qualitercumque
2925 1939 2981 1986 et·

603 2035 971 2110 ubicumque,
1015 2034 1184 2090 etiam
1231 2036 1274 2091 si
1323 2037 1480 2110 apud
1523 2038 1714 2094 sedem
1763 2036 2142 2113 apostolicam
2191 2055 2258 2092 ea
2327 2055 2536 2092 uacare
2605 2035 2979 2108 contingeret,

605 2136 774 2192 certis
821 2135 1094 2209 ecclesijS,
1119 2136 1497 2209 monasterijs,
1522 2137 1915 2212 dignitatibus,
1941 2149 1997 2194 et
2019 2136 2313 2209 beneficijs
2345 2147 2535 2193 tamen
2573 2137 2851 2212 exceptis,
2877 2153 2980 2208 per

605 2248 828 2296 nostras
874 2238 1012 2296 certi
1058 2239 1274 2295 tenoris
1318 2239 1536 2296 litteras
1581 2240 1649 2295 de
1697 2239 1935 2296 fratrum
1982 2249 2305 2297 nostrorum
2332 2238 2571 2295 consilio
2597 2236 2979 2294 reseruandos

605 2338 874 2397 duximus
919 2349 975 2396 et.
1019 2350 1211 2396 nostre
1259 2360 1484 2397 camere
1531 2341 1913 2416 deputandos,
1960 2340 2129 2398 certis
2176 2339 2580 2396 collectoribus
2624 2358 2798 2413 super
2861 2337 2978 2394 col-

602 2439 859 2497 leccione
903 2438 1191 2497 fructuum
1235 2441 1562 2498 reddituum
1610 2452 1666 2498 et
1710 2453 2098 2517 prouentuum
2142 2441 2469 2498 huiusmodi
2517 2449 2572 2496 et
2616 2439 2976 2496 residuorum

601 2540 856 2615 ipsorum
900 2560 1004 2616 per
1046 2542 1304 2600 diuersas
1361 2554 1585 2600 nostras
1642 2543 1865 2600 litteras
1932 2542 2175 2599 diuersis
2242 2542 2597 2618 temporibus
2667 2539 2976 2615 deputatis,

603 2641 681 2698 Et
723 2642 857 2700 licet
899 2643 1237 2701 collectores
1283 2644 1356 2700 ad
1402 2655 1595 2719 partes
1641 2645 1923 2702 dictorum
1969 2645 2303 2719 Regnorum
2342 2663 2401 2701 se
2439 2642 2815 2719 personaliter
2840 2660 2974 2698 con-

602 2744 846 2802 ferentes
890 2746 1046 2802 circa
1090 2746 1495 2803 colleccionem
1543 2746 1870 2803 huiusmodi
1926 2745 2291 2820 diligenciam
2339 2744 2701 2801 adhibuerint
2758 2744 2976 2802 studio·

601 2864 741 2915 sam,
787 2847 976 2903 adhuc
1021 2857 1212 2904 tamen
1258 2852 1407 2904 sicut
1452 2848 1783 2923 accepimus
1828 2846 2106 2904 nonnulla
2149 2846 2358 2903 ibidem
2405 2856 2708 2902 remanent
2745 2845 2977 2902 residua

602 2947 672 3002 de
718 2948 884 3005 dictis
928 2948 1229 3019 fructibuS,
1275 2949 1593 3006 redditibus
1639 2960 1696 3005 et
1738 2949 2120 3023 prouentibus
2180 2946 2519 3022 colligenda.
2589 2947 2713 3003 Nos
2777 2946 2976 3020 itaque

601 3047 860 3105 volentes
903 3068 1077 3124 super
1122 3052 1229 3107 hoc
1277 3051 1585 3123 prouidere
1618 3050 1980 3107 Discrecioni
2026 3063 2123 3106 tue
2167 3049 2237 3104 de
2284 3068 2395 3123 qua
2443 3048 2711 3104 fiduciam
2759 3048 2812 3103 in
2861 3048 2975 3103 d'fio

599 3149 852 3222 gerimus
889 3150 1215 3226 specialem,
1262 3170 1364 3224 per
1409 3151 1730 3225 apostolica
1775 3150 1989 3225 scripta
2037 3150 2445 3207 committimus
2504 3160 2558 3206 et
2619 3148 2975 3217 mandamus,

601 3259 886 3324 quatenus
931 3270 1034 3325 per
1075 3262 1131 3307 te
1177 3251 1272 3307 uel
1317 3252 1492 3308 alium
1539 3273 1640 3309 seu
1686 3251 1830 3309 alios
1868 3251 2194 3309 huiusmodi
2260 3251 2491 3308 residua
2535 3270 2639 3325 per
2686 3267 2974 3324 quoscun-

600 3370 714 3425 que
759 3353 1094 3420 debeantur,
1139 3373 1312 3428 super
1355 3353 1564 3428 quibus
1617 3354 1945 3423 summarie,
1990 3352 2333 3426 simpliciter
2401 3366 2459 3407 et
2525 3353 2595 3407 de
2664 3350 2837 3425 plano
2906 3369 2973 3406 ac

600 3453 722 3509 sine
763 3453 1006 3527 strepitu
1051 3465 1108 3510 et
1148 3455 1336 3528 figura
1367 3453 1569 3527 judicij
1613 3465 1668 3511 te
1713 3454 2001 3526 informes,
2046 3465 2240 3510 nostro
2297 3465 2355 3509 et
2422 3454 2676 3510 eiusdem
2748 3471 2975 3508 camere

600 3565 794 3611 nostre
839 3554 1088 3623 nomine,
1134 3566 1346 3630 petere,
1393 3557 1642 3630 exigere,
1690 3567 1747 3612 et
1790 3556 2048 3631 recipere
2092 3574 2221 3611 cum
2289 3555 2614 3629 integritate
2681 3573 2976 3629 procures,

602 3656 1054 3713 contradictores
1097 3656 1384 3732 quoslibet
1429 3676 1603 3731 super
1648 3657 1752 3732 hijs
1800 3670 1851 3714 et
1899 3656 2142 3714 rebelles
2190 3657 2586 3731 cuiuscunque
2630 3666 2815 3713 status
2880 3655 2975 3712 uel

602 3757 954 3813 condicionis
997 3756 1207 3814 fuerint
1252 3758 1422 3814 etiam
1467 3758 1511 3815 si
1559 3758 1869 3833 pontificali
1914 3758 2007 3815 uel
2050 3758 2256 3833 quauis
2304 3759 2418 3814 alia
2461 3758 2819 3833 premineant
2850 3756 2973 3831 dig-

600 3858 795 3929 nitate,
840 3859 1184 3915 auctoritate
1230 3870 1422 3915 nostra
1490 3859 1889 3935 appellacione
1944 3872 2075 3936 post
2141 3860 2329 3934 posita
2396 3860 2837 3933 compescendo,
2879 3856 2974 3930 jn-

601 3972 812 4016 uocato
857 3962 930 4017 ad
976 3961 1084 4017 hoc
1129 3962 1174 4019 si
1221 3980 1367 4035 opus
1411 3960 1579 4018 fuerit
1623 3962 1840 4019 auxilio
1906 3961 2122 4035 brachij
2182 3961 2477 4030 secularis,
2534 3978 2646 4015 non
2708 3960 2974 4016 obstante

599 4061 644 4117 si
692 4062 772 4117 eis
817 4061 910 4118 uel
957 4081 1156 4118 eorum
1203 4062 1494 4137 aliquibus
1539 4063 1919 4120 communiter
1963 4064 2055 4119 uel
2103 4063 2330 4120 diuisim
2377 4084 2411 4119 a
2456 4060 2677 4137 prefata
2721 4061 2795 4117 sit
2839 4060 2974 4116 sede

600 4162 884 4219 indultum
931 4164 1086 4238 quod
1128 4164 1387 4226 interdici
1434 4165 1707 4239 suspendi
1754 4164 1849 4220 uel
1893 4165 2380 4222 excommunicari
2427 4183 2539 4219 non
2608 4162 2828 4237 possint
2873 4181 2977 4236 per

601 4263 819 4321 litteras
864 4264 1211 4339 apostolicas
1257 4284 1368 4321 non
1416 4265 1690 4323 facientes
1735 4267 1964 4341 plenam
2013 4278 2069 4324 et
2126 4284 2455 4341 expressam
2523 4284 2591 4320 ac
2657 4265 2727 4320 de
2796 4266 2974 4320 uerbo

568 4366 672 4438 ⁴ad
718 4367 959 4422 uerbum
1006 4366 1077 4422 de
1121 4366 1343 4423 indulto
1390 4368 1712 4424 huiusmodi
1762 4368 2137 4425 mencionem.
2203 4367 2492 4424 Volumus
2560 4374 2753 4422 autem
2819 4366 2975 4441 quod

601 4486 698 4522 eos
744 4487 776 4522 a
823 4467 1033 4541 quibus
1074 4467 1305 4524 residua
1349 4468 1636 4543 receperis
1680 4470 2017 4544 supradicta
2061 4469 2362 4527 absoluere
2407 4468 2606 4525 ualeas
2646 4480 2704 4523 et
2727 4467 2976 4542 quittare

600 4569 670 4623 de
715 4552 823 4641 hijs
868 4587 980 4643 que
1024 4569 1157 4625 inde
1200 4572 1272 4625 ab
1320 4569 1399 4625 eis
1443 4569 1697 4643 recipere
1742 4581 1800 4627 te
1844 4571 2154 4645 continget,
2200 4590 2304 4626 nec
2372 4589 2483 4626 non
2531 4580 2588 4625 et
2643 4568 2724 4625 eis
2770 4587 2804 4623 a
2849 4569 2974 4643 qui·-

599 4671 797 4726 busuis
842 4670 1236 4744 spiritualibus
1279 4670 1582 4744 sentencijs
1627 4690 1773 4745 quas
1819 4690 1923 4746 pro
1970 4690 2038 4727 eo
2097 4671 2489 4740 incurrissent,
2553 4670 2709 4744 quod
2776 4669 2969 4728 huius·
