3534 5361
1788 340 1828 396 8

948 529 1100 585 Item
1156 557 1213 563 -
1271 546 1318 583 c.
1365 524 1627 599 lxxxxvj.
1673 525 1906 581 marche
1951 523 2172 597 argenti
2221 525 2278 581 in
2323 524 2578 600 pondere
2622 525 2826 582 Dacie.

785 633 934 690 Item
977 629 1307 703 Episcopus
1356 625 1733 699 Lincopcnsis
1780 626 1850 681 de
1892 624 2103 683 Suecia
2150 625 2585 699 crucesignatus
2631 625 2827 682 debuit
2870 626 2998 681 mit-

612 742 735 789 tere
803 732 860 788 in
924 729 1259 787 Flandriam
1321 745 1430 802 pro
1487 726 1713 782 decima
1769 745 1874 783 sua
1921 754 1997 762 —-
2061 725 2201 781 cccl.
2268 727 2534 782 marchas
2590 726 2811 801 argenti
2869 728 2997 801 puri

614 839 789 909 prout
835 840 994 906 patet
1038 850 1142 905 per
1185 828 1409 884 litteras
1456 827 1830 901 prelatorum.
1887 845 1993 900 pro
2047 827 2257 901 quibus
2314 826 2447 882 dicit
2508 826 3000 901 Superintendens

616 933 911 1009 predictus
956 931 1112 1007 quod
1154 928 1374 1002 recepit
1438 956 1473 962 —
1543 925 1623 1000 ij
1669 926 1848 983 libras
1875 927 2324 997 Turonensium,
2371 938 2427 983 et
2469 928 2762 984 residuum
2811 928 2998 984 adhuc

615 1036 788 1091 debet
834 1034 987 1090 idem
1016 1031 1367 1106 EpiscopuS‚
1413 1028 1569 1103 quod
1616 1048 1739 1085 esse
1785 1037 1975 1102 potest
2041 1057 2066 1061 ·-
2147 1049 2230 1084 cc.
2289 1027 2404 1102 xxj.
2450 1028 2612 1099 libre,
2664 1027 2776 1102 .iiij.
2831 1028 2999 1084 solidi

616 1144 674 1191 et
718 1132 831 1206 diij.
881 1132 1096 1206 denarij
1146 1128 1589 1188 Turonensium.
1681 1127 1812 1201 Que
1857 1128 2107 1202 pecunia
2149 1130 2320 1186 debet
2363 1130 2571 1203 deponi
2622 1129 2675 1185 in
2723 1128 2998 1184 Flandria

615 1237 673 1292 in
746 1232 1094 1291 monasterio
1155 1232 1227 1287 de
1281 1231 1526 1304 Docano
1586 1248 1767 1303 prope
1827 1228 2040 1303 Brugis
2085 1230 2329 1288 diocesis
2375 1231 2765 1287 Tornacensis
2811 1230 3002 1285 danda

617 1336 803 1393 eidem
830 1335 1104 1410 episcopo
1130 1330 1479 1405 Lincopensi
1527 1330 1789 1404 predicto
1832 1339 2091 1405 tempore
2135 1331 2386 1406 passagij
2435 1331 2481 1387 si
2527 1330 3001 1400 transfretauerit,

618 1436 877 1511 alioquin
924 1436 1096 1492 debet
1138 1431 1300 1489 reddi
1348 1431 1605 1488 subsidio
1650 1439 1802 1486 terre
1847 1441 2062 1487 sancte.

786 1537 1066 1593 Preterea
1112 1534 1262 1589 idem
1305 1530 1796 1605 superintendens
1839 1533 2059 1606 recepit
2102 1551 2209 1607 pro
2265 1533 2383 1589 suis
2439 1533 2705 1607 expensis
2754 1560 2829 1568 -
2880 1532 2974 1604 iij‘P

618 1638 750 1710 viijc.
793 1635 976 1710 xxiiij.
1022 1635 1289 1691 marchas
1334 1632 1703 1687 denariorum
1752 1653 2098 1708 cupreorum
2146 1633 2217 1688 de
2264 1633 2487 1689 decima
2530 1633 2734 1690 Dacie.

788 1739 933 1795 Item
983 1734 1261 1810 expendit
1304 1752 1410 1807 pro
1457 1734 1801 1789 executione
1869 1734 2293 1792 recollectionis
2353 1734 2533 1808 ipsius
2600 1734 2819 1791 decime
2886 1746 3001 1791 tam

620 1842 676 1895 in
722 1837 945 1911 nuncijs
991 1835 1177 1892 missis
1236 1834 1311 1889 ad
1358 1834 1579 1889 curiam
1627 1853 1801 1907 quam
1849 1836 1904 1891 in
1952 1834 2354 1909 deportatione
2413 1835 2589 1909 ipsius
2652 1836 2871 1892 decime
2930 1838 2999 1895 ad

619 1948 815 2015 partes
879 1935 1175 2006 Flandrie³
1241 1944 1359 1990 tam
1425 1933 1482 1989 in
1552 1934 1902 1993 uictualibus
1949 1946 2005 1991 et
2049 1937 2251 2010 pannis
2298 1956 2403 2010 pro
2460 1936 2570 1993 illis
2632 1936 2727 2010 qui
2789 1937 3003 1993 seruie-

617 2042 761 2096 bant
802 2038 1035 2112 negotio
1081 2035 1304 2093 decime
1350 2045 1407 2091 et
1449 2035 1548 2109 qui
1592 2039 1904 2110 portabant
1948 2038 2187 2093 eandem
2241 2066 2306 2073 *-
2362 2037 2574 2112 cxlviij.
2621 2038 2885 2095 marchas
2939 2050 3006 2105 ,et

618 2140 867 2197 mediam
914 2139 1028 2214 .iiij.
1076 2139 1290 2196 solidos
1336 2146 1391 2192 et
1435 2137 1511 2211 vj.
1558 2137 1829 2195 denarios
1872 2137 2238 2195 denariorum
2285 2158 2648 2214 cupreorum.

787 2243 935 2298 Item
989 2269 1057 2277 —
1108 2240 1226 2315 lvij.
1274 2241 1540 2295 marchas
1584 2238 1718 2312 viiij.
1765 2238 1981 2296 solidos
2027 2248 2083 2294 et
2126 2240 2202 2314 xj.
2244 2240 2511 2297 denarios
2577 2241 3001 2316 sterlingorum.

787 2345 932 2400 Item
984 2370 1052 2378 -
1106 2341 1439 2415 cclxxxviij.
1485 2341 1662 2398 libras
1709 2348 1765 2396 et.
1812 2340 1927 2414 .iiij.
1976 2340 2192 2398 solidos
2238 2341 2687 2398 Turonensium.

787 2445 935 2501 Item
989 2471 1053 2480 -
1104 2462 1159 2498 v.
1209 2441 1384 2499 libras
1419 2441 1834 2498 Parisiensium
1880 2460 1993 2515 que
2039 2442 2326 2498 ualent—
2363 2441 2436 2515 xj.
2482 2442 2656 2500 libras
2699 2453 2754 2499 et
2810 2462 2865 2498 v.
2913 2465 3004 2501 so-

616 2544 764 2602 lidos
802 2545 1249 2601 Turonensium.

957 2643 1199 2704 Summa
1264 2644 1655 2720 predictarum
1725 2662 2109 2719 expensarum
2158 2642 2441 2702 factarum
2502 2665 2607 2720 pro
2667 2646 3006 2706 executione

790 2747 1012 2804 decime
1073 2755 1131 2803 et
1171 2765 1369 2802 eorum
1416 2765 1530 2820 que
1575 2745 1742 2802 dictis
1789 2744 2282 2819 superintendens
2327 2747 2548 2821 recepit
2592 2768 2697 2823 pro
2742 2748 2860 2806 suis
2906 2770 3006 2805 ex-

787 2848 981 2922 pensis
1027 2877 1098 2885 --
1150 2847 1249 2922 iijzn
1318 2848 1467 2922 viiij‘i
1511 2845 1673 2920 lxxij.
1721 2847 1954 2902 marche
2000 2856 2057 2903 et
2102 2848 2288 2903 media
2350 2858 2406 2904 et
2449 2848 2560 2922 diij.
2601 2849 2766 2906 solidi
2814 2860 2870 2906 et
2916 2851 3006 2925 ‚vj.

793 2949 1009 3024 denarij
1055 2950 1424 3006 denariorum
1472 2966 1836 3021 capreorum.
1967 2924 1985 2940 ⁹

956 3052 1101 3108 Item
1153 3086 1224 3091 —--
1273 3051 1388 3126 lvij.
1434 3055 1666 3110 marche
1709 3049 1863 3126 xiiij.
1912 3050 2014 3108 sol.
2061 3059 2119 3106 et
2180 3050 2257 3124 xj.
2304 3051 2432 3106 den.
2481 3051 2909 3127 sterlingorum.

957 3253 1195 3312 Summa
1221 3254 1588 3313 Summarum
1629 3257 1993 3311 marcharum
2039 3253 2403 3309 denariorum
2451 3273 2564 3327 que
2608 3264 2906 3311 remanent
2950 3257 3005 3311 in

789 3353 1003 3412 Suecia
1039 3364 1095 3411 et
1116 3356 1306 3413 Dacia
1348 3365 1404 3412 et
1449 3376 1593 3430 quas
1619 3355 2113 3432 Superintendens
2157 3355 2376 3428 recepit
2420 3374 2525 3428 pro
2571 3355 2690 3412 suis
2733 3335 2999 3430 expensis

791 3467 849 3514 et
893 3457 1036 3513 alias
1081 3457 1355 3531 expendit
1400 3476 1504 3532 pro
1550 3458 1781 3532 negotio
1829 3457 2048 3513 decime
2096 3466 2182 3513 est
2247 3485 2291 3491 -
2352 3454 2484 3528 viij'l¹
2561 3452 2663 3529 vij0.
2708 3456 2990 3531 lxxxxiiij.

790 3559 1022 3615 marche
1069 3568 1126 3615 et
1166 3557 1354 3614 media
1400 3567 1455 3613 et
1499 3558 1612 3632 diij.
1656 3558 1824 3615 solidi
1872 3556 2042 3630 et.vj.
2069 3559 2195 3614 den.
2223 3557 2589 3617 denariorum
2638 3579 3001 3633 cupreorum.
3042 3606 3045 3609 .

793 3760 1144 3837 Supradicta
1181 3760 1330 3817 ratio
1389 3760 1715 3817 continetur
1773 3762 1831 3817 in
1890 3759 2254 3836 infrascripta
2311 3762 2533 3819 ratione
2597 3764 2779 3838 magis
2848 3783 3002 3820 com-

623 3863 919 3939 pendiose,
965 3865 1073 3919 hoc
1138 3862 1269 3937 plus
1330 3862 1575 3918 habetur
1640 3864 1696 3919 in
1763 3862 1891 3939 ipsa
1943 3864 2100 3939 quod
2158 3863 2435 3938 scriptum
2495 3873 2581 3921 est
2626 3866 2699 3920 de
2739 3865 2847 3940 hijs
2893 3885 3005 3940 que

622 3974 842 4022 restant
886 3973 943 4020 et
986 3984 1099 4038 que
1145 3964 1636 4038 Superintendcns
1681 3965 1895 4021 habere
1941 3964 2140 4021 debuit
2184 3983 2289 4038 pro
2336 3974 2456 4022 toto
2501 3964 2713 4022 salario
2764 3987 2890 4037 suo,
2952 3977 3004 4022 et

624 4066 763 4140 quid
808 4065 1027 4140 recepit
1069 4065 1223 4122 ultra
1268 4065 1541 4122 salarium
1590 4074 1644 4121 et
1689 4066 1830 4140 quid
1874 4065 2170 4139 assignare
2217 4065 2404 4123 debet.

962 4167 1201 4225 Summa
1243 4166 1611 4224 Summarum
1659 4166 1916 4222 omnium
1972 4175 2337 4241 receptorum
2400 4187 2470 4223 ex
2535 4167 2759 4224 decima
2817 4167 3003 4224 Dacie

793 4277 849 4323 et
895 4267 1103 4327 Suecie
1146 4266 1202 4323 in
1250 4267 1498 4324 marchis
1543 4266 1917 4324 denariorum
1972 4295 2033 4302 ·-
2089 4268 2229 4323 lxx¹P
2305 4268 2513 4342 cclxxj.
2561 4270 2792 4325 marche
2829 4269 3003 4324 dena-

793 4368 1007 4425 riorum
1055 4386 1418 4443 cupreorum.

961 4470 1200 4529 Summa
1225 4460 1593 4527 Summarum
1641 4469 1894 4525 omnium
1938 4469 2326 4544 predictarum
2372 4471 2739 4526 marcharum
2776 4470 3000 4525 denari-

791 4589 954 4626 orum
977 4570 1164 4628 Daeie
1211 4579 1267 4627 et
1291 4570 1498 4629 Suecie
1545 4570 1924 4626 cambitorum
1973 4570 2046 4626 ad
2091 4583 2392 4643 argentum
2442 4579 2498 4626 et
2529 4571 2602 4626 ad
2628 4571 3000 4628 Turonenscs

794 4680 851 4726 et
895 4689 1093 4727 eorum
1139 4691 1252 4746 que
1295 4681 1594 4729 remanent
1638 4671 1695 4726 in
1740 4670 2005 4745 deposito
2050 4670 2105 4726 in
2128 4670 2317 4728 Dacia
2364 4679 2420 4726 et
2441 4670 2654 4729 Suecia
2699 4691 2765 4727 ac
2803 4691 3000 4727 eorum
