3534 5361
1804 386 1882 442 85

603 573 894 650 quondam
942 593 1044 647 per
1088 573 1392 629 Biennium
1439 573 1783 630 vacancium
1831 573 1885 628 in
1936 572 2172 628 ciuitate
2220 584 2276 629 et
2322 573 2534 629 diocesi
2603 573 2980 646 Lincopensi-

604 677 709 732 bus
754 694 860 750 pro
906 674 1074 730 dictis
1119 672 1398 730 fructibus
1441 673 1697 730 collectis
1742 694 1846 749 per
1892 674 2076 748 ipsum
2130 708 2198 716 —
2234 673 2460 748 ‚ccxliij
2492 693 2715 730 marcas
2741 693 2868 730 cum
2895 673 2979 729 di·

604 775 779 832 midia
819 776 1037 833 vsualis
1077 783 1302 830 monete
1348 774 1614 833 Sueuice.

771 897 844 934 .x.
891 877 1090 934 floren.
1139 894 1353 950 paruos
1399 875 1542 932 auri.

1266 976 1511 1052 Recepit
1539 976 1989 1050 jnstrtlmentum
2036 977 2315 1035 Jacobus.

775 1161 1085 1220 Sciendum
1133 1169 1219 1218 est
1259 1161 1416 1236 quod
1466 1161 1597 1236 .viij.
1644 1160 1860 1234 denar-ij
1910 1160 2088 1220 Sueui
2133 1160 2347 1218 faciunt
2395 1161 2641 1218 solidum
2687 1169 2743 1218 et
2769 1160 2860 1235 ,iij.
2887 1178 2979 1218 so-

603 1264 702 1320 lidi
747 1262 965 1320 faciunt
1007 1283 1166 1321 oram
1215 1273 1271 1319 et
1319 1262 1453 1336 .viij.
1499 1283 1597 1319 ore
1638 1261 1858 1319 faciunt
1904 1279 2173 1317 marcam.

1565 1471 1649 1520 .v⁰.
1694 1463 1895 1539 lxxvij.
1940 1482 2113 1521 marc.
2160 1473 2216 1520 et
2240 1462 2313 1537 ‚ij.
2349 1483 2429 1520 or.
2457 1472 2685 1520 monete
2710 1462 2978 1521 Sueuice.

1564 1569 1637 1607 .x.
1677 1550 1876 1606 floren.
1924 1549 2111 1625 parui.

606 1502 739 1582 [ap]
803 1508 1044 1567 Summa
1086 1507 1255 1565 huius
1300 1461 1547 1618 pagine{

768 1751 917 1808 Item
963 1747 1154 1823 [anno]
1202 1770 1319 1828 quo
1361 1771 1554 1826 supra.
1602 1751 1695 1808 die
1742 1751 1836 1807 ‚vi.
1883 1750 2106 1826 Marcij.
2188 1751 2408 1826 Recepi
2453 1769 2485 1806 a
2530 1750 2646 1807 dfio
2676 1749 3123 1807 Frenderoro1..=›e
3143 1775 3176 1800 ι-

605 1852 884 1910 canonico
941 1853 1186 1910 eeclesia
1248 1851 1685 1926 Strengenensis
1732 1852 2042 1909 collectore
2110 1852 2391 1909 dictorum
2459 1849 2747 1907 fructuum
2815 1851 2982 1925 primi

603 1953 736 2010 anni
783 1953 1191 2010 beneficiorum
1239 1973 1343 2028 per
1366 1953 1669 2011 Biennium
1715 1953 2058 2010 uacans-ium
2105 1953 2159 2009 in
2208 1952 2443 2009 ciuitate
2468 1962 2524 2008 et
2548 1952 2759 2009 diocesi
2786 1951 2983 2010 Stren-

601 2055 949 2128 genensibus
994 2074 1100 2130 pro
1147 2054 1313 2111 dictis
1356 2054 1635 2112 fructibus
1681 2054 1937 2112 collectis
1985 2074 2087 2129 per
2125 2073 2254 2110 eum
2289 2053 2346 2109 in
2374 2053 2644 2127 predictis
2668 2053 2903 2110 ciuitate
2929 2064 2986 2111 et

604 2155 834 2214 diocesi.
890 2184 954 2192 —
1009 2176 1126 2213 .xx.
1174 2176 1350 2213 marc.
1399 2175 1523 2231 arg.
1570 2155 1840 2231 ponderis
1886 2154 2358 2214 Stokholmensis.

771 2256 916 2314 Item
979 2285 1035 2294 -—
1092 2257 1288 2330 xxxij.
1338 2276 1516 2314 marc.
1562 2275 1692 2314 curn
1738 2257 1874 2313 dim.
1925 2267 2151 2313 monete
2197 2255 2464 2315 Sueuice.

736 2358 981 2434 Recepit
1015 2358 1467 2433 jnstrumentum
1511 2358 1775 2416 Jacobus
1821 2357 1956 2413 mihi
2002 2356 2344 2428 faciendum,
2387 2357 2591 2415 habuit
2632 2356 2852 2414 litteras

1432 2461 1538 2517 sub
1583 2459 1772 2535 sigillo
1816 2459 2164 2517 Frenderus

771 2646 918 2703 Item
967 2664 1120 2703 anno
1167 2664 1284 2721 quo
1330 2663 1523 2720 supra.
1573 2645 1666 2702 die
1713 2665 1828 2703 .xv.
1875 2644 2117 2721 Aprilis.
2205 2644 2424 2721 Recepi
2469 2664 2507 2702 a
2542 2637 2672 2703 diiis
2714 2648 2984 2707 Johanne

604 2749 754 2805 Foot
801 2757 856 2805 et
903 2747 1515 2823 magistro'Hemingo
1562 2746 1859 2805 canonicis
1903 2746 2142 2804 ecclesie
2188 2747 2535 2818 ArosiensiS‚
2577 2747 2984 2809 collectoribus

603 2850 885 2907 dictorum
932 2849 1218 2907 fructuum
1266 2847 1675 2906 beneficiorum
1724 2848 2068 2905 uacancium
2115 2867 2219 2922 per
2265 2847 2571 2904 Biennium
2624 2851 2681 2907 in
2750 2852 2984 2909 ciuitate

603 2961 658 3008 et
703 2951 919 3010 diocesi
963 2952 1372 3010 Arosiensibus
1416 2971 1520 3026 per
1563 2951 1758 3008 sedem
1804 2948 2181 3025 apostolicam
2228 2961 2652 3008 reseruatorum
2698 2981 2781 2989 —-
2851 2953 2980 3027 .cvj.

604 3071 779 3109 marc.
830 3062 886 3109 et
930 3072 1003 3110 ,τη
1052 3073 1134 3110 or.
1180 3054 1311 3110 den.
1361 3052 1708 3111 Sueuorum.

1266 3153 1513 3229 Recepit
1544 3152 1995 3226 jnstrumentum
2040 3152 2319 3210 Jacobus.

772 3341 917 3397 Item
962 3358 1116 3397 anno
1159 3359 1275 3418 quo
1319 3359 1515 3415 supra.
1568 3339 1659 3396 die
1706 3359 1822 3397 ‚xm
1867 3339 2105 3414 Aprilis.
2192 3340 2411 3413 Recepi
2457 3360 2491 3395 a
2536 3340 2651 3396 d1’10
2698 3341 2983 3398 Halstano

604 3441 883 3500 canonico
929 3440 1172 3498 ecclesie
1217 3441 1655 3515 Strengenensis
1699 3442 1770 3497 de
1828 3439 1995 3496 dictis
2060 3437 2340 3497 fructibus
2405 3441 2813 3499 beneficiorum
2869 3462 2983 3517 que

602 3552 963 3601 uacauerunt
1006 3542 1065 3599 in
1109 3542 1388 3600 Nerichia
1430 3542 1675 3600 diocesis
1720 3542 2160 3615 Strengenensis
2205 3570 2280 3578 —
2347 3541 2542 3617 xxxij.
2605 3562 2781 3601 marc.
2851 3563 2983 3601 cum

603 3642 744 3701 dimi
789 3644 918 3702 den.
964 3644 1308 3703 Sueuorum.

1265 3745 1514 3820 Recepit
1552 3743 2005 3818 just-rumentum
2048 3745 2328 3804 «Iacobus,

769 3928 917 3991 Item
962 3953 1115 3992 anno
1160 3952 1276 4008 quo
1319 3950 1515 4007 supra.
1561 3931 1652 3987 die
1699 3930 1817 4008 ‚iiij.
1863 3932 2071 3989 mensis
2113 3933 2270 4008 Maij.
2356 3934 2574 4009 Recepi
2610 3954 2643 3990 a
2669 3934 2784 3990 dfio
2810 3933 2983 4010 Epis-

603 4056 750 4111 copo
796 4034 1144 4110 Lincopensi
1190 4055 1295 4110 per
1339 4052 1542 4091 manus
1588 4035 1832 4091 d‘fiorum
1878 4035 2163 4093 Johannis
2207 4035 2617 4111 archidyaconi
2664 4047 2721 4093 et
2778 4036 2983 4094 Karoli

604 4139 808 4195 decani
857 4137 1098 4195 ecclesie
1147 4136 1544 4209 Lincopensis‚
1590 4136 1661 4192 de
1705 4135 1986 4195 fructibus
2031 4138 2198 4213 primi
2244 4138 2378 4195 anni
2422 4138 2829 4196 beneficiorum
2877 4139 2982 4195 du-

603 4241 740 4297 dum
786 4260 892 4316 per
935 4239 1276 4296 Triennium
1320 4238 1664 4295 uacancium
1712 4238 1767 4295 in
1816 4239 2051 4297 ciuitate
2117 4249 2175 4296 et
2242 4241 2456 4299 diocesi
2521 4239 2983 4315 Lincopensibus

602 4362 706 4417 per
748 4342 943 4399 sedem
989 4340 1368 4417 apostolicam
1414 4349 1839 4398 reseruatorum
1892 4374 1959 4381 ——-
2017 4341 2232 4399 .clxxx.
2266 4361 2441 4400 marc.
2480 4343 2609 4399 den.
2637 4341 2979 4400 Sueuorum.

1266 4442 1512 4517 Recepit
1543 4441 1994 4516 jnstrumentum
2038 4442 2318 4500 Jacobus.

1567 4626 1743 4703 cccli.
1794 4646 1968 4685 marc.
2014 4638 2071 4685 et
2118 4649 2190 4687 .v.
2235 4647 2315 4685 or.
2361 4637 2589 4685 monete
2631 4627 2898 4687 Sueuice.

606 4664 736 4746 [ap]
820 4670 1060 4729 summa
1095 4668 1266 4726 hnius
1299 4619 1680 4773 paginelxx.
1731 4732 1905 4770 marc.
1954 4716 2178 4788 argenti
2219 4713 2488 4789 ponderis
2513 4712 2981 4772 Stokholmensis.
