3534 5361
1828 416 1906 472 10

786 598 936 655 Item
982 599 1156 656 soluit
1208 627 1272 635 —
1325 598 1466 673 xliij.
1516 603 1781 660 marchas
1825 601 2048 676 argenti
2090 602 2165 659 ad
2210 603 2440 677 pondus
2475 603 2769 660 Trecense
2807 631 2862 638 -
2898 622 3004 677 pro

621 697 826 756 minori
870 699 1125 757 ualentia
1169 700 1395 775 argenti
1438 700 1625 759 Dacie
1669 702 1908 760 uenditi.

785 800 933 857 Item
980 795 1201 858 soluitl
1247 799 1320 875 .ij.
1363 801 1541 860 libras
1584 822 1692 878 pro
1735 803 2044 861 medietate
2090 802 2311 862 decime
2354 803 2524 878 primi
2569 804 2722 861 anni.

788 898 935 957 Item
981 901 1156 959 soluit
1212 930 1271 938 -
1327 922 1444 960 ccc.
1490 902 1606 977 lvij.
1652 906 1915 962 marchas
1960 904 2182 979 argenti
2227 905 2303 961 ad
2348 904 2564 962 dictum
2610 904 2858 979 pondus,
2901 924 3007 979 pro

622 1003 777 1060 dicta
820 1001 1128 1060 medietate
1173 1003 1394 1061 decime
1411 999 1456 1060 ².
1541 1002 1634 1059 De
1680 1004 1891 1078 quibus
1933 1006 2180 1062 habetur
2224 1004 2662 1063 instrumentum
2708 1004 3006 1080 publicum

628 1129 691 1138 -
745 1103 1098 1177 assignatum
1144 1101 1387 1161 Camere
1433 1122 1537 1177 per
1583 1102 1801 1161 dictum
1847 1104 2445 1180 Superintendentem.

960 1202 1201 1262 Summa
1246 1204 1637 1278 predictorum
1683 1205 1938 1262 omnium
1984 1226 2098 1281 que
2142 1205 2333 1264 soluta
2385 1214 2519 1264 sunt
2575 1226 2681 1281 pro
2740 1207 3008 1282 expensis
3060 1277 3064 1281 ¹

792 1313 848 1360 et
905 1324 1011 1379 pro
1069 1305 1277 1361 minori
1333 1304 1588 1361 ualentia
1648 1307 1875 1379 argenti
1936 1316 1992 1363 et
2045 1327 2153 1383 pro
2215 1308 2522 1364 medietate
2578 1306 2800 1364 decime
2837 1306 3005 1381 primi

788 1405 923 1461 anni
970 1432 1050 1442 —-
1094 1404 1201 1479 iiijfz
1258 1404 1375 1478 lvij.
1432 1407 1681 1476 marche,
1749 1405 1901 1480 .viiij.
1945 1405 2112 1463 solidi
2158 1417 2215 1464 et
2261 1407 2354 1482 .xj.
2399 1406 2616 1481 denarij
2663 1408 2886 1482 argenti
2931 1408 3008 1464 ad

792 1505 1021 1578 pondus
1068 1506 1377 1563 Trecense.

956 1607 1103 1663 Item
1179 1636 1217 1641 --
1272 1606 1349 1681 ijs·
1410 1606 1765 1681 cclxxxxiiij.
1807 1608 1954 1665 libre
1999 1617 2056 1665 et
2099 1608 2249 1682 xiiij.
2293 1607 2462 1665 solidi
2508 1607 2953 1665 Turonensium.

961 1708 1201 1767 Summa
1224 1707 1617 1782 depositorum
1644 1727 1822 1783 penes
1846 1717 2196 1766 mercatores
2219 1709 2482 1766 diuersos
2515 1738 2571 1745 -·-
2610 1717 2684 1766 v¹¹i¹
2743 1707 2847 1786 vij?
2887 1709 3007 1784 xlij.

791 1810 1023 1866 marche
1067 1816 1124 1866 et
1165 1808 1277 1883 .vij
1318 1809 1483 1865 vncie
1528 1809 1751 1883 argenti
1797 1810 1870 1866 ad
1916 1809 2143 1885 pondus
2184 1810 2492 1868 Trecense.

960 1910 1109 1966 Item
1150 1938 1233 1946 —
1277 1909 1393 1985 xij¹3¹
1472 1917 1534 1966 vc.
1576 1910 1655 1966 xl.
1699 1908 1844 1967 libre
1868 1910 2313 1983 Turonensium‚
2359 1912 2618 1986 deposite
2658 1932 2838 1987 penes
2860 1931 3009 1969 mer-

794 2006 1074 2067 catores.³
1119 2012 1189 2067 de
1234 2011 1445 2086 quibus
1482 2021 1748 2069 constant
1790 2030 1902 2068 .xv.
1956 2011 2105 2068 inter
2147 2011 2528 2069 instrumenta
2572 2023 2629 2069 et
2670 2013 2894 2070 litteras
2938 2012 3010 2069 de

794 2111 1251 2185 depositionibus
1297 2111 1572 2169 confecta.
1618 2123 2019 2169 uerumtamen
2064 2113 2253 2169 adhuc
2298 2111 2487 2169 Dinus
2531 2112 2819 2171 Johannis
2861 2132 3009 2170 mer-

793 2221 955 2271 cator
1017 2213 1088 2269 de
1140 2213 1415 2271 societate
1469 2212 1774 2288 Mocorum
1827 2214 2003 2270 habet
2054 2212 2275 2270 litteras
2321 2212 2558 2288 capituli
2602 2213 2908 2272 Remensis
2953 2222 3009 2271 et

792 2313 1053 2372 officialis
1094 2313 1413 2385 Remensis‚
1478 2333 1653 2389 super
1716 2313 2113 2389 recognitione
2158 2315 2401 2371 duorum
2457 2314 2676 2370 milium
2730 2313 3008 2372 librarum

796 2414 1223 2472 Turonensium
1268 2433 1413 2488 quas
1453 2415 1664 2471 debent
1708 2415 2027 2490 capitulum
2062 2417 2368 2473 Remense.

419 2534 621 2573 101.18.a.
966 2514 1207 2574 Summa
1253 2515 1620 2576 Summarum
1667 2516 1923 2573 omnium
1968 2516 2360 2591 predictorum
2405 2515 2745 2587 solutorum,
2791 2536 3008 2591 expen-

792 2636 989 2674 sorum
1033 2635 1104 2673 ac
1151 2616 1545 2692 depositorum
1589 2644 1672 2653 —
1718 2614 1812 2690 vj¹1¹
1888 2635 1971 2674 cc.
2016 2617 2265 2689 marche,
2325 2627 2381 2673 et
2435 2636 2506 2674 .v.
2563 2615 2732 2674 vncie
2784 2616 3009 2692 argenti

795 2720 871 2776 ad
916 2719 1145 2793 pondus
1191 2717 1501 2775 Trecense.

960 2820 1110 2876 Item
1157 2845 1225 2853 —
1276 2817 1435 2892 xiiij?
1513 2818 1638 2894 viij0.
1680 2818 1903 2893 xxxiiij.
1948 2817 2091 2876 libre
2128 2829 2185 2877 et
2225 2817 2360 2889 viiij.
2404 2819 2510 2876 sol.
2559 2818 3007 2877 Turonensium.

794 3023 980 3079 Facta
1024 3023 1495 3097 compensatione
1540 3022 1882 3093 solutorum,
1924 3040 2309 3096 expensarum
2356 3030 2412 3077 et
2457 3021 2851 3094 depositorum
2875 3042 3006 3097 arg-

624 3123 740 3180 enti
797 3124 872 3178 ad
931 3142 1214 3180 summam
1272 3133 1637 3198 receptorum
1682 3133 1910 3182 constat
1955 3124 2112 3199 quod
2168 3121 2421 3180 ostendit
2478 3121 2607 3195 plus
2663 3122 3008 3196 expendisse

624 3235 679 3282 et
724 3225 1058 3299 deposuisse
1105 3252 1179 3259 --
1226 3243 1364 3281 xxv.
1403 3227 1685 3297 marchas,
1729 3244 1803 3282 .v.
1844 3244 1970 3282 vnc.
2018 3234 2075 3280 et
2118 3223 2271 3298 ,xvij.
2315 3223 2620 3297 sterlingos
2666 3222 2767 3297 qui
2810 3222 3008 3280 ualent

622 3325 696 3381 ad
741 3325 1113 3382 Turonenses
1166 3352 1228 3359 —
1282 3325 1399 3382 lxx.
1444 3325 1641 3397 libras,
1686 3346 1799 3383 .xv.
1841 3326 1945 3383 sol.
1988 3335 2044 3382 et
2088 3323 2181 3398 .iij.
2228 3325 2355 3381 den.
2388 3323 2835 3381 Turonensium.

792 3425 938 3481 Item
985 3424 1138 3482 facta
1184 3427 1654 3500 compensatione
1712 3428 1783 3483 de
1828 3425 2268 3483 Turonensibus
2312 3424 2559 3500 receptis
2604 3423 2679 3479 ad
2721 3442 3005 3480 summam

622 3546 1006 3602 expensarum
1053 3537 1109 3583 et
1153 3526 1546 3602 depositorum
1590 3537 1809 3585 restant
1838 3555 1902 3563 -
1936 3534 1999 3583 vc.
2041 3526 2200 3601 xxiij.
2242 3526 2384 3582 libre
2432 3524 2603 3599 et.iij.
2640 3523 2809 3582 solidi
2853 3524 3006 3581 Tur·

622 3629 920 3686 onensium
967 3646 1114 3702 quos
1159 3627 1331 3683 debet
1363 3626 1873 3701 Superintendens.

790 3729 870 3785 Et
934 3728 1016 3786 sic
1079 3729 1249 3785 debet
1295 3727 1485 3785 adhuc
1528 3729 1824 3803 assignare
1870 3729 2364 3804 Superintendens
2419 3763 2482 3768 —-
2537 3725 2641 3800 iiijc.
2686 3725 2763 3801 lij.
2811 3725 3007 3797 libraS‚

621 3829 717 3905 vij.
759 3830 864 3887 sol.
914 3837 971 3886 et
1015 3828 1167 3903 .viiij.
1214 3828 1481 3886 denarios
1526 3829 1975 3888 Turonensium.

788 4031 1076 4090 Dominus
1098 4031 1593 4107 Archiepiscopus
1618 4033 1756 4090 dicit
1800 4053 1862 4091 se
1907 4051 2150 4090 uacasse
2195 4030 2383 4089 officio
2430 4030 2700 4088 continue
2746 4050 2851 4105 per
2894 4029 3005 4104 .vij.

621 4153 805 4191 annos
851 4147 907 4190 et
931 4133 1066 4207 .viij.
1113 4152 1356 4204 menses,
1399 4134 1469 4189 de
1515 4134 1726 4208 quibus
1766 4154 1880 4191 non
1926 4134 2069 4208 petit
2114 4152 2398 4207 expensa-s
2445 4132 2550 4189 nisi
2596 4150 2701 4205 pro
2750 4131 2860 4205 .vij.
2901 4151 3002 4187 an-

620 4236 723 4291 nis.
790 4234 928 4293 dicit
973 4235 1128 4309 quod
1174 4234 1415 4309 singulis
1461 4236 1662 4292 diebus
1705 4235 1936 4293 fuerunt
1974 4236 2081 4293 sibi
2138 4233 2396 4291 concessi
2441 4252 2544 4307 per
2587 4232 2807 4289 litteras
2862 4251 3004 4306 apo-

619 4336 854 4393 stolicas
1025 4335 1100 4409 iij.
1145 4335 1314 4393 solidi
1369 4336 1776 4411 sterlingorum
1833 4355 1939 4412 pro
2000 4335 2266 4411 expensis
2324 4334 2442 4391 suis
2502 4352 2615 4408 que
2683 4334 3006 4391 ascendunt

690 4492 707 4522 ¹
755 4496 1125 4560 Understregct
1164 4500 1176 4546 i
1215 4498 1529 4562 Originalen.
1604 4496 1629 4525 ²
1661 4502 1766 4550 Fra
1805 4500 1983 4563 „primi
2032 4491 2201 4559 anni“‚
2239 4499 2327 4546 der
2370 4498 2552 4546 slutter
2596 4498 2694 4546 den
2742 4495 3005 4546 naestfore-

755 4583 985 4645 gaaende
1022 4582 1165 4642 Post,
1205 4599 1274 4646 og
1312 4584 1366 4632 til
1405 4586 1543 4633 dette
1580 4584 1704 4634 Stcd
1743 4600 1798 4632 er
1834 4586 1922 4632 dcr
1958 4584 1972 4631 i
2020 4583 2319 4646 Originalen
2366 4583 2547 4644 dragct
2590 4596 2653 4630 en
2700 4580 2862 4642 Linie,
2916 4582 3005 4629 der

755 4664 1123 4730 formodentlig
1159 4669 1387 4730 antyder,
1424 4676 1478 4717 at
1514 4669 1598 4717 det
1636 4668 1901 4731 folgende:
1941 4669 2051 4730 „De
2089 4659 2303 4730 quibus“
2342 4682 2373 4715 o
2427 4682 2467 4716 s.
2507 4682 2550 4714 v,
2600 4666 2797 4729 gjelder
2838 4666 3003 4728 begge

754 4749 953 4798 Postcr.
1028 4748 1049 4775 ³
1072 4752 1342 4814 Ligcledes
1382 4768 1443 4801 cn
1465 4752 1610 4801 Linic
1649 4753 1727 4802 fra
1745 4753 2038 4814 Udgangcn
2056 4750 2114 4800 af
2127 4751 2466 4813 foregaaendc
2486 4751 2612 4800 l'ost
2631 4749 2691 4799 til
2707 4750 2845 4799 detto
2862 4747 3001 4800 Sted.
