3534 5361
1720 342 1794 396 81

815 799 927 874 De
992 798 1252 896 legatis
1317 796 1526 871 factis
1596 798 1662 870 in
1728 794 2123 870 subsidium
2188 807 2381 872 terre
2446 809 2718 874 sancte.
2985 822 3143 860 forsa...

744 982 1044 1040 Johannes
1089 979 1395 1054 episcopus
1436 996 1639 1035 seruus
1683 996 1981 1034 seruorum
2030 977 2118 1051 dej
2145 979 2480 1038 Venerabili
2510 979 2669 1038 fratri
2696 981 2954 1039 Johanni

579 1083 872 1158 Episcopo
918 1080 1282 1140 Roskildensi
1329 1089 1386 1135 et
1430 1079 1640 1135 dilecto
1682 1078 1802 1134 filio
1848 1078 2023 1134 Petro
2070 1078 2341 1138 Geruasii
2373 1081 2669 1139 Canonico
2715 1082 2960 1140 ecclesie

579 1184 761 1241 sancti
808 1182 1018 1257 Euodij
1065 1181 1394 1239 Aniciensis
1439 1178 1756 1255 apostolice
1803 1180 1956 1237 sedis
2001 1181 2254 1254 Nuncio,
2300 1180 2557 1240 Salutem
2624 1194 2680 1241 et
2723 1193 2958 1260 aposto-

578 1285 749 1341 licam
791 1283 1259 1342 benediccionem
1297 1282 1542 1338 Auditui
1586 1281 1763 1337 nostri
1810 1282 2169 1356 apostolatus
2212 1284 2461 1340 innotuit
2503 1285 2660 1359 quod
2698 1286 2956 1343 nonnulli

580 1386 776 1443 fideles
822 1386 892 1442 de
935 1386 1140 1459 Regno
1187 1383 1372 1440 Dacie
1417 1383 1489 1439 ad
1538 1393 1749 1439 terram
1809 1392 2067 1440 sanctam
2134 1385 2291 1460 pium
2357 1396 2625 1460 gerentes
2691 1407 2957 1463 compas-

580 1488 752 1545 sionis
799 1485 1067 1544 affectum
1113 1495 1270 1542 certa
1314 1484 1508 1558 legata
1569 1483 1832 1540 fecerunt
1893 1505 1998 1561 pro
2066 1488 2321 1545 subsidio
2388 1488 2539 1545 dicte
2604 1498 2770 1546 terre.
2840 1489 2962 1547 Nos

581 1591 777 1666 itaque
843 1588 1102 1645 volentes
1170 1586 1324 1662 quod
1393 1587 1588 1660 legata
1650 1585 1976 1643 huiusmodi
2047 1588 2434 1663 dispensanda
2509 1589 2566 1645 in
2642 1590 2958 1648 subsidium

585 1688 1038 1748 christicolarum
1086 1688 1598 1744 transmarinarum
1645 1687 1906 1762 parcium
1952 1689 2051 1763 qui
2111 1692 2184 1746 ab
2239 1689 2563 1748 infidelibus
2630 1691 2966 1767 affliguntur

586 1791 893 1848 crudeliter
937 1789 1087 1845 sicut
1130 1790 1302 1844 habet
1349 1786 1554 1845 infesta
1612 1786 1923 1844 multorum
1992 1788 2227 1861 relaciO,
2291 1791 2537 1849 fideliter
2598 1792 2964 1868 colligantur,

587 1890 925 1949 discrecioni
973 1900 1159 1947 vestre
1207 1888 1436 1962 petendi
1484 1898 1540 1944 et
1586 1887 1899 1962 recipiendi
1944 1891 2144 1947 eadem
2190 1890 2383 1963 legata
2428 1912 2530 1966 per
2568 1912 2967 1969 quascumque

585 2003 701 2049 tam
750 1990 1170 2048 ecclesiasticas
1213 2009 1385 2065 quam
1433 1990 1724 2047 seculares
1794 2009 2071 2065 personas
2131 1990 2301 2059 facta,
2361 2012 2582 2068 uosque
2647 2013 2821 2070 super
2888 1996 2968 2052 eis

588 2092 947 2160 informandi,
994 2092 1321 2156 summarie,
1380 2090 1718 2166 simpliciter
1784 2099 1840 2146 et
1903 2091 1971 2146 de
2042 2092 2233 2166 plano,
2301 2093 2530 2166 plenam
2597 2096 2967 2154 concedimus

587 2215 771 2271 usque
816 2195 887 2251 ad
935 2203 1191 2251 nostrum
1240 2191 1664 2266 beneplacitum
1709 2201 1909 2249 tenore
1941 2194 2303 2268 presencium
2330 2194 2679 2254 facultatem.
2745 2197 2967 2254 Datum

588 2297 881 2354 Aninione
927 2294 1039 2368 .iiij.
1085 2296 1292 2353 Nonas
1337 2292 1590 2366 Augusti
1639 2291 2014 2367 pontificatus
2051 2295 2228 2351 nostri
2268 2297 2443 2353 Anno
2480 2297 2643 2370 .xiiij‘!

758 2397 1020 2471 Quarum
1067 2395 1412 2452 auctoritate
1473 2394 1603 2468 Ego
1663 2394 1874 2452 Petrus
1943 2393 2213 2452 Geruasii
2284 2396 2575 2471 predictus
2639 2400 2832 2475 recepi
2899 2400 2970 2456 de

591 2498 828 2574 Legatis
872 2497 1040 2554 factis
1084 2496 1139 2552 in
1183 2495 1502 2554 subsidium
1544 2492 1696 2552 terre
1737 2505 1937 2552 sancte
1982 2497 2258 2571 pecunias
2308 2497 2720 2574 infrascriptas.

764 2701 941 2757 Anno
986 2700 1081 2755 dfii
1132 2686 1405 2756 ,in‘t'ccc‘t
1449 2697 1638 2772 xxxij‘!
1682 2698 1775 2754 die
1817 2717 1931 2754 .xv.
1958 2699 2174 2757 Mensis
2217 2699 2382 2775 Julij,
2427 2702 2644 2776 Recepi
2690 2722 2726 2758 a
2770 2723 2971 2779 parro-

600 2801 816 2858 chianis
861 2800 1101 2857 ecclesie
1147 2800 1202 2856 in
1247 2799 1618 2876 Pyllewerim
1665 2800 2060 2859 Sleswicensis
2107 2801 2350 2859 diocesis
2412 2804 2482 2858 de
2539 2802 2744 2877 legatis
2808 2803 2974 2862 factis

598 2902 655 2957 in
700 2902 1018 2959 subsidium
1066 2912 1216 2958 terre
1261 2911 1458 2958 sancte
1495 2920 1598 2976 per
1622 2901 1984 2958 discedentes
2012 2903 2426 2976 parrochianos
2450 2904 2707 2961 eiusdem
2733 2879 2974 2963 ecclesie

600 3028 682 3037 —
727 3021 842 3058 .xx.
897 3001 1023 3058 libr.
1085 3003 1508 3077 sterlingorum.
1618 3002 1861 3059 Nullam
1930 3012 2122 3059 tamen
2192 3003 2451 3061 fecerunt
2514 3004 2805 3062 racionem
2873 3027 2978 3081 per

601 3121 746 3177 quas
792 3123 1066 3178 personas
1107 3105 1435 3162 huiusmodi
1480 3104 1674 3178 legata
1717 3102 1871 3160 facta
1917 3100 2165 3160 fuerunt.

1470 3204 1819 3261 Habuerunt
1860 3202 2100 3262 litteras.

604 3508 677 3563 ab
722 3506 1028 3563 heredibus
1073 3506 1470 3582 Hyldebrandi
1518 3507 1983 3581 Bryniamestere
2029 3509 2247 3565 dudum
2292 3509 2435 3567 ciuis
2481 3509 2803 3567 Lundensis
2870 3530 2978 3586 pro

602 3607 795 3683 legato
839 3608 895 3664 in
941 3608 1258 3665 subsidium
1302 3619 1452 3664 terre
1498 3619 1697 3666 sancte
1754 3609 1907 3667 facto
1967 3629 2070 3685 per
2134 3610 2321 3685 ipsum
2387 3609 2851 3667 Hildebrandum
2904 3639 2973 3648 -

606 3709 818 3784 xxviij.
863 3710 966 3767 sol.
1013 3728 1193 3783 gross.
1241 3709 1464 3767 Turon.

778 3812 829 3887 .j.
878 3810 1120 3868 frustum
1166 3811 1291 3868 auri
1335 3810 1605 3886 ponderIs
1652 3809 1787 3886 .viij.
1830 3812 2196 3869 florenorum.

1569 4033 1686 4069 .xx.
1732 4013 1858 4071 libr.
1903 4014 2327 4088 sterlingorum.

611 4092 744 4170 [ap]
812 4096 1051 4156 Summa
1096 4097 1264 4154 huius
1305 4018 1787 4261 pagine{.xxviij.
1823 4098 1926 4155 sol.
1969 4117 2151 4173 gross.
2199 4097 2645 4154 Turonensium.

1568 4182 1619 4256 .j.
1663 4181 1907 4240 frustum
1951 4183 2078 4239 auri
2124 4182 2393 4258 ponderis
2439 4179 2570 4254 .viij.
2612 4180 2986 4239 florenorum.
