3534 5361
1736 413 1813 468 79

768 597 910 654 Item
955 595 1155 653 eadem
1204 595 1295 652 die
1339 595 1513 652 habui
1559 615 1594 651 a
1638 596 1753 651 dfio
1799 595 1977 651 Petro
2024 596 2223 652 Herba
2268 593 2694 668 archidyacono
2739 593 2968 651 Roskil-
3001 607 3113 643 10¹5!
3140 608 3174 641 υ.

598 696 756 753 densi
799 718 904 773 per
948 717 1152 755 manus
1195 696 1469 754 Nicholai
1513 695 1707 753 clerici
1751 695 1839 753 sui
1886 695 2119 752 racione
2166 694 2386 752 decime
2449 694 2665 751 dudum
2735 694 2975 753 collecte

598 816 701 870 per
744 816 875 854 eum
918 798 976 855 in
1020 797 1257 855 ciuitate
1303 806 1359 854 et
1400 796 1613 854 diocesi
1646 794 2129 853 Roskildensibus
2190 825 2240 830 -
2299 794 2390 869 .iij.
2435 814 2611 853 marc.
2657 815 2786 853 cum
2833 796 2975 852 dim!

598 897 817 970 argenti
840 897 1136 972 ponderis
1182 896 1558 958 Coloniensis

970 999 1193 1057 Habuit
1235 998 1457 1055 litteras
1500 998 1665 1054 datas
1707 996 1767 1053 in
1811 995 2011 1052 eadem
2052 995 2196 1052 villa
2249 995 2606 1070 Malmeghe.

761 1098 907 1155 Item
950 1100 1144 1175 recepi
1189 1101 1263 1156 ab
1309 1098 1615 1155 heredibus
1660 1096 1758 1153 diii
1804 1095 2102 1153 Bondonis
2137 1096 2409 1154 Nicholai
2449 1097 2741 1170 quondam
2768 1095 2971 1152 decani

595 1197 989 1257 Roskildensis
1035 1211 1091 1257 et
1138 1199 1460 1257 collectoris
1503 1199 1723 1256 decime
1770 1197 2028 1272 predicte
2074 1217 2176 1272 per
2220 1215 2425 1253 manus
2469 1197 2566 1253 dfii
2635 1191 2785 1253 Petri
2848 1197 2973 1252 Ka-

592 1298 698 1354 roli
742 1299 1021 1358 Canonici
1068 1301 1464 1358 Roskildensis
1507 1328 1588 1336 --
1634 1297 1728 1371 .vj.
1775 1317 1950 1355 marc.
1998 1297 2242 1371 argenti.

760 1400 903 1458 Item
950 1423 1053 1477 per
1095 1421 1298 1459 manus
1341 1396 1626 1458 Johannis
1668 1397 1902 1456 Nicolai
1950 1396 2145 1455 clerici
2190 1398 2514 1456 Lundensis
2555 1429 2615 1436 ·-
2655 1398 2767 1472 .vij,
2796 1418 2969 1455 marc.

592 1518 711 1574 arg.
754 1502 1026 1577 ponderis
1071 1501 1433 1561 Coloniensis
1478 1510 1536 1559 et
1589 1500 1680 1574 .iij,
1745 1500 1848 1558 sol.
1916 1518 2045 1556 cum
2115 1498 2351 1556 dimidio
2415 1518 2597 1574 gross.
2664 1499 2970 1557 Turonen-

590 1601 736 1657 sium
781 1602 852 1659 de
897 1603 1147 1678 pecunia
1191 1603 1437 1661 collecta
1481 1622 1584 1678 per
1629 1600 1845 1658 dictum
1906 1601 2188 1657 decanum·
2257 1601 2634 1658 collectorem
2701 1601 2972 1659 restantis
3029 1608 3032 1609 ’

591 1703 810 1760 decime
852 1705 1201 1780 supradicte.

1806 1888 1938 1963 .xvj.
2007 1907 2181 1945 marc.
2249 1907 2380 1945 cum
2447 1887 2683 1944 dimidia
2748 1887 2969 1962 argenti

1889 1973 2161 2048 ponderis
2203 1970 2581 2030 Coloniensis.

1804 2056 1900 2131 .iij.
1955 2057 2059 2115 sol.
2126 2076 2258 2115 cum
2325 2056 2561 2112 dimidio
2626 2073 2959 2130 grossorum

1890 2140 2346 2200 Turonensiumr

677 2009 809 2089 [ap]
943 2015 1183 2076 Summa
1248 2016 1417 2074 huius
1478 2015 1690 2091 pagine

1809 2335 1891 2384 .v0.
1933 2327 2007 2403 vj.
2052 2345 2229 2384 marc.
2270 2325 2342 2400 vj.
2392 2344 2473 2382 or.
2519 2335 2576 2381 et
2619 2323 2691 2397 ,ij.
2731 2324 2835 2382 sol.
2873 2343 2968 2381 ar-

935 2430 1177 2488 Summa
1221 2434 1474 2488 omnium
1512 2450 1749 2506 pel-Cep-
1890 2411 2046 2488 genti
2091 2411 2361 2487 ponderis
2406 2408 2796 2467 ColoniensiS..

929 2533 1216 2589 torumde
1262 2533 1495 2590 ciuitate
1542 2544 1598 2589 et
1630 2533 1751 2589 dio·
1808 2497 1947 2572 ,iiijqr
1987 2497 2115 2554 libr.
2180 2494 2295 2568 xvj.
2361 2494 2464 2550 sol.
2535 2503 2590 2550 et
2652 2492 2766 2566 .vij.
2836 2494 2966 2548 den.

1890 2601 2069 2657 gross.
2116 2581 2336 2637 Turon.

938 2652 1050 2690 ⁰3³¹
1134 2633 1608 2693 ROSkssdenfflbus
1680 2635 1752 2691 de
1808 2667 1961 2742 xxij.
2005 2666 2131 2724 libr.
2156 2684 2286 2723 cum
2312 2663 2363 2739 .j.
2388 2665 2513 2722 den.
2538 2661 2964 2734 sterlingorum.

765 2740 839 2852 β
935 2734 1160 2791 (Ῑθθῖῐῐῑὶῑ
1204 2735 1468 2811 Predissta
1808 2752 1858 2825 .j.
1907 2772 2083 2810 marc.
2128 2770 2258 2809 cum
2306 2749 2543 2807 dimidia
2587 2747 2731 2803 auri.

1806 2837 1939 2911 .xxj.
1984 2837 2183 2894 floren.
2228 2839 2413 2910 parui.

592 2574 871 2652 [approbo]

704 3320 804 3390 De
856 3325 1141 3415 receptis
1195 3346 1285 3393 ex
1339 3322 1594 3393 decima
1649 3321 1995 3393 sexannali
2048 3325 2110 3391 in
2166 3325 2432 3393 ciuitate
2485 3331 2549 3389 et
2602 3319 2851 3389 diocesi
2992 3339 3151 3373 foma

1246 3439 1641 3533 Ripensibus
1698 3445 1759 3511 in
1814 3462 2027 3530 regno
2082 3441 2312 3510 Dacie.

758 3613 932 3669 Anno
978 3614 1073 3668 dfii
1121 3620 1220 3670 .m⁰.
1267 3624 1394 3672 ccc‘!
1437 3614 1626 3690 xxxij‘!
1672 3614 1780 3671 die.
1807 3621 1948 3670 xx¹¹3²³
1985 3612 2192 3671 mensis
2229 3612 2392 3686 Julij.
2439 3611 2656 3687 Recepi
2705 3632 2740 3668 a
2786 3611 2965 3685 magi-

587 3723 705 3769 stro
751 3714 1031 3770 Tuchone
1076 3715 1527 3791 Archidyacono
1568 3716 1809 3791 Ripensi
1855 3714 2076 3790 pridem
2124 3713 2433 3772 collectore
2480 3712 2700 3769 decime
2759 3731 2967 3769 sexan-

587 3813 731 3869 nalis
774 3814 828 3869 in
876 3816 1062 3889 posite
1106 3815 1159 3871 in
1205 3816 1448 3874 concilio
1493 3816 1810 3873 Viennensi
1854 3833 1959 3890 pro
2004 3814 2259 3872 subsidio
2305 3824 2455 3872 terre
2522 3822 2720 3872 sancte
2786 3813 2967 3888 depu-

587 3924 707 3970 tato
753 3916 808 3970 in
857 3916 1090 3973 ciuitate
1138 3927 1189 3972 ct
1238 3918 1450 3990 diocesi
1497 3917 1847 3992 Ripensibus
1905 3916 1975 3971 de
2031 3915 2290 3990 pecunijs
2360 3916 2607 3991 receptis
2670 3934 2741 3971 ex
2810 3914 2970 3970 dieta

586 4014 811 4071 decima
852 4016 907 4071 in
955 4018 1187 4074 ciuitate
1234 4030 1289 4075 et
1335 4018 1547 4075 diocesi
1592 4018 1867 4093 predictis
1906 4026 2023 4073 tam
2070 4037 2175 4092 per
2233 4035 2363 4073 eum
2425 4036 2598 4091 quam
2663 4035 2768 4091 per
2830 4016 2965 4070 dfim

587 4115 823 4172 Petrum
870 4120 1160 4191 quondam
1210 4120 1719 4194 Archidyaconum
1766 4119 2235 4194 predecessorem
2280 4137 2447 4175 suum
2508 4126 2564 4174 et
2622 4116 2965 4191 magistrum

587 4217 905 4273 Astradum
953 4218 1167 4275 dudum
1217 4219 1554 4276 canonicum
1604 4218 1846 4276 ecclesie
1889 4218 2156 4294 Ripensis
2201 4217 2337 4274 olim
2381 4218 2532 4274 dicte
2578 4218 2799 4274 decime
2846 4215 2965 4270 eol-

586 4316 829 4376 leetores
871 4320 1058 4395 primo
1104 4348 1184 4356 -
1231 4321 1403 4394 xviij.
1449 4321 1571 4377 libr.
1617 4339 1747 4376 cum
1795 4320 1885 4394 .iij.
1930 4319 2032 4376 sol.
2073 4338 2254 4394 gross.
2302 4318 2521 4376 Turon.
2568 4319 2812 4392 argenti.

756 4419 897 4476 Item
929 4449 1016 4496 ·—
1072 4422 1164 4478 .ix.
1210 4421 1335 4479 libr.
1381 4441 1510 4479 cum
1560 4421 1669 4497 ‚vij.
1713 4421 1819 4478 sol.
1864 4420 2289 4495 sterlingorum.

755 4522 902 4578 Item
955 4550 1023 4557 —
1076 4523 1276 4596 ,ccciij.
1318 4524 1514 4581 floren.
1562 4542 1777 4599 paruos
1822 4521 1965 4579 auri.

754 4624 903 4681 Item
946 4652 1029 4660 —
1070 4625 1165 4682 .lv.
1211 4626 1338 4682 den.
1384 4624 1509 4682 auri
1555 4625 1626 4681 de
1671 4643 1879 4683 massa.

757 4726 903 4783 Item
948 4755 1027 4765 —
1076 4725 1189 4801 .xij.
1229 4745 1411 4801 agnos
1456 4726 1602 4783 auri.
