3534 5361
1704 321 1821 378 163

562 505 789 556 officium
823 503 875 554 in
909 505 1006 554 hac
1041 512 1182 569 parte
1218 520 1279 555 eo
1318 505 1492 556 utilius
1529 513 1580 555 et
1615 505 1871 556 efficacius
1924 520 2163 554 exercere
2217 507 2407 567 ualeaS‚
2459 522 2559 569 quo
2610 510 2792 558 maiori
2850 526 2941 573 per

561 607 653 640 nos
688 590 845 639 fueris
880 590 1186 639 auctoritate
1220 590 1459 651 munituS,
1496 592 1900 641 contradictores
1938 589 2191 653 quoslibet
2224 597 2277 640 et
2310 591 2522 640 rebelles
2557 607 2648 655 per
2671 607 2938 642 censuram

559 676 955 725 ecclesiasticam
1007 673 1349 739 appellatione
1399 678 1689 739 postposita
1741 675 2112 740 compescendi,
2170 689 2230 725 ac
2283 675 2558 725 inuocandi
2612 684 2792 725 contra
2850 692 2937 727 eos

559 760 907 825 supradictum
942 760 1189 809 auxilium
1227 759 1460 822 quotiens
1501 759 1684 810 uideris
1721 761 1981 825 expedire,
2020 758 2246 809 mutandi
2285 760 2437 808 ctiam
2472 760 2697 824 predicte
2745 761 2937 810 decime

559 845 860 894 collectores
885 846 1286 907 quandocunque
1311 850 1363 892 et
1388 845 1822 908 quotienscunque
1848 843 1959 895 sore
1982 845 2241 908 putaueris
2263 852 2572 907 oportunum
2598 846 2935 909 compellendi

560 946 756 994 quoque
792 928 1094 979 anctoritate
1128 928 1356 992 predicta
1390 930 1817 994 archiepiscopos,
1855 930 2140 994 episcopOS,
2178 936 2230 978 et
2264 929 2394 978 alios
2443 930 2771 979 ecclesiarum
2825 946 2936 995 pre-

558 1015 710 1074 latos,
749 1029 810 1063 ac
843 1030 1087 1079 personas
1134 1013 1506 1064 ecclesiasticas
1558 1015 1778 1077 partium
1836 1016 2128 1064 earumdem
2186 1015 2252 1063 ad
2304 1015 2672 1076 prouidendam
2732 1017 2818 1064 tibi
2873 1017 2935 1065 de

558 1115 738 1149 securo
775 1099 1048 1160 conductu,
1084 1114 1199 1150 cum
1235 1114 1389 1164 super
1422 1100 1521 1148 hoc
1556 1116 1587 1149 a
1622 1108 1672 1148 te
1706 1097 1894 1148 suerint
1939 1099 2184 1162 requisiti,
2230 1099 2432 1163 plenam
2486 1099 2576 1147 tibi
2628 1101 2935 1150 auctoritate

556 1186 867 1249 presentium
903 1184 1228 1232 concedimus
1264 1182 1578 1232 facultatem.
1636 1182 1755 1232 Non
1794 1183 2031 1233 obstante
2068 1185 2109 1233 si
2146 1183 2397 1247 aliquibus
2433 1199 2465 1233 a
2498 1185 2617 1233 sede
2654 1185 2936 1247 apostolica

558 1268 626 1318 sit
658 1268 926 1330 indultum,
963 1270 1099 1331 quod
1134 1268 1382 1330 interdici,
1420 1269 1659 1332 suspendi
1695 1267 1779 1316 uel
1815 1268 2247 1318 excommunicari
2283 1284 2385 1317 non
2414 1267 2611 1332 possint
2626 1283 2720 1333 per
2736 1269 2933 1320 litteras

558 1355 689 1403 dicte
727 1354 875 1414 sedis,
911 1368 1007 1416 que
1045 1354 1106 1402 de
1141 1352 1340 1402 indulto
1377 1353 1668 1403 huiusmodi
1703 1367 1763 1401 ac
1800 1359 1913 1402 tota
1947 1352 2056 1402 eius
2081 1353 2395 1402 continentia
2430 1353 2492 1401 de
2529 1354 2685 1403 uerbo
2721 1356 2788 1404 ad
2823 1371 2934 1405 uer-

555 1438 675 1488 bum
711 1446 763 1487 et
797 1439 859 1486 de
894 1436 1114 1502 proprijs
1148 1437 1381 1487 locorum
1415 1449 1469 1487 et
1504 1452 1836 1503 personarum
1871 1437 2159 1487 nominibus
2195 1437 2483 1502 specialem,
2518 1438 2721 1500 plenam
2758 1448 2810 1489 et
2844 1456 2933 1489 ex-

556 1538 787 1588 pressam
820 1538 926 1572 non
962 1521 1178 1571 fecerint
1212 1524 1539 1582 mentionem,
1585 1522 1695 1571 siue
1731 1520 2039 1585 quibuslibet
2090 1521 2205 1584 alijs
2264 1520 2564 1585 priuilegijS,
2601 1523 2933 1588 indulgentijs

558 1608 640 1657 uel
673 1607 873 1666 litteriS,
911 1607 1291 1670 quibuscunque
1329 1607 1678 1671 dignitatibuS,
1717 1606 1997 1667 ordinibuS‚
2033 1605 2161 1655 locis
2208 1606 2294 1655 uel
2345 1607 2577 1669 personis
2631 1610 2935 1671 generaliter

558 1693 640 1743 uel
673 1692 963 1756 specialiter
997 1692 1091 1741 sub
1127 1706 1425 1755 quacunque
1462 1690 1627 1741 forma
1661 1691 1745 1740 uel
1781 1690 2108 1754 expressione
2144 1692 2416 1741 uerborum
2462 1692 2528 1741 ab
2581 1694 2759 1743 eadem
2812 1696 2933 1745 sede

557 1776 828 1836 concessiS,
864 1777 926 1825 de
963 1776 1143 1839 quibus
1179 1790 1458 1838 quorumue
1494 1776 1613 1826 totis
1650 1776 1909 1826 tenoribus
1945 1777 2007 1825 de
2042 1777 2201 1826 uerbo
2253 1777 2320 1825 ad
2371 1777 2584 1826 uerbum
2635 1779 2690 1829 in
2749 1781 2933 1830 nostris

554 1862 735 1912 litteris
771 1861 1003 1926 specialis
1039 1869 1092 1909 et
1126 1875 1369 1925 expressa
1401 1861 1590 1911 mentio
1627 1860 1694 1911 sit
1727 1860 1978 1910 habenda.
2070 1859 2327 1910 Volumus
2363 1869 2534 1911 autem
2569 1870 2628 1912 ut
2662 1864 2808 1913 nobis
2842 1879 2934 1928 per

555 1956 668 1997 tuas
704 1947 897 1996 litteras
932 1946 1222 2009 frequenter
1254 1945 1495 2005 insinueS,
1531 1946 1650 2009 quid
1685 1952 1737 1994 et
1773 1954 2020 2009 quantum
2055 1946 2117 1994 de
2153 1945 2366 2006 decima,
2390 1945 2589 2010 legatis,
2610 1949 2931 1999 obuentioni-

551 2032 646 2082 bus
682 2038 734 2081 et
766 2030 881 2093 alijs
917 2031 1221 2095 supradictis
1256 2031 1319 2079 de
1353 2030 1643 2079 huiusmodi
1679 2028 2027 2080 satisfactione
2051 2045 2143 2094 pro
2169 2037 2305 2079 terra
2331 2030 2560 2095 sepefata
2583 2034 2849 2098 receperiS,
2868 2049 2929 2084 ac

553 2117 706 2166 etiam
742 2116 959 2180 qualiter
989 2116 1044 2165 in
1078 2116 1284 2179 negotio
1337 2116 1655 2178 procedatur.
1748 2115 1944 2163 Datum
1995 2115 2157 2164 Rome
2210 2116 2346 2178 apud
2399 2124 2630 2165 sanctam
2682 2116 2927 2167 Sabinam

553 2203 664 2252 idus
698 2201 998 2251 Decembris
1033 2200 1360 2266 pontificatus
1397 2201 1559 2249 nostri
1595 2214 1728 2249 anno
1762 2200 1944 2263 primo.

1244 2281 1374 2328 (Ar-ch.
1405 2283 1490 2323 Vat.
1518 2283 1608 2331 Reg.
1641 2284 1777 2321 Honor.
1809 2283 1869 2320 lv.
1900 2293 1961 2323 an.
1990 2283 2016 2322 Ι.
2046 2293 2104 2331 ep.
2132 2277 2237 2327 243).

1323 2476 1422 2532 42.
1518 2474 1694 2533 1286.
1786 2474 1881 2531 5te
1921 2474 2164 2533 Januar.

684 2588 943 2639 Honorius
979 2590 1245 2654 episcopus
1281 2606 1320 2639 s,
1359 2606 1398 2639 s.
1436 2590 1484 2638 d.
1516 2590 1779 2639 carissimo
1804 2590 1857 2639 in
1884 2588 2090 2639 Christo
2124 2589 2230 2640 filio
2257 2625 2269 2637 .
2296 2625 2308 2638 .
2334 2590 2442 2652 regi
2468 2587 2719 2653 Norweye
2733 2588 2927 2651 jllustri

549 2674 767 2724 salutem
802 2682 853 2724 et
887 2674 1225 2740 apostolicam
1258 2674 1682 2724 benedictionem.
1755 2672 2001 2725 Gerentes
2039 2690 2309 2740 personam
2342 2674 2537 2738 regiam
2571 2674 2625 2724 in
2647 2674 2925 2724 uisceribus

548 2760 789 2820 caritatis,
824 2759 914 2810 illo
950 2767 1001 2809 te
1034 2759 1394 2820 moderamine,
1429 2759 1618 2823 illaque
1654 2761 1980 2823 prouidentia
2016 2766 2131 2809 tuos
2190 2768 2334 2810 actus
2387 2768 2438 2809 et
2496 2774 2653 2824 opera
2709 2760 2925 2823 dirigere

548 2843 863 2907 affectamuS,
899 2852 956 2894 ut
989 2844 1097 2908 regi
1132 2860 1310 2907 regum
1345 2844 1528 2894 exinde
1560 2845 1788 2894 reddaris
1808 2845 2083 2908 acceptior,
2110 2844 2300 2908 tibique
2326 2852 2495 2908 preter
2517 2844 2685 2893 laudis
2702 2846 2925 2895 humane

549 2931 860 2993 preconium,
896 2928 1076 2980 salutis
1120 2930 1389 2993 proueniat
1439 2929 1826 2978 incrementum.
1923 2928 2286 2979 Jntelleximus
2346 2929 2590 2992 siquidem
2650 2930 2785 2990 quod
2835 2927 2922 2977 fel.

547 3016 742 3064 record.
778 3014 1031 3064 Martinus
1065 3029 1201 3077 papa
1235 3012 1342 3075 diij.
1378 3015 1709 3076 predecessor
1741 3022 1934 3073 noster,
1989 3029 2237 3078 perpenso
2289 3015 2424 3077 quod
2476 3015 2537 3062 de
2590 3013 2731 3063 curia
2781 3013 2924 3076 regia

547 3098 799 3161 generalis
833 3098 1111 3164 prohibitio
1148 3098 1439 3160 emanarat,
1463 3113 1525 3148 ne
1561 3099 1724 3162 quiuis
1759 3099 1922 3149 laicus
1958 3100 2099 3162 regni
2140 3099 2213 3147 tui
2249 3097 2522 3162 sterlingos
2549 3097 2630 3146 uel
2655 3105 2920 3160 argentum

548 3185 689 3233 aliud
721 3183 934 3248 predicti
971 3183 1113 3246 regni
1145 3182 1342 3232 clericis
1378 3184 1598 3232 uendere
1643 3184 2028 3247 quomodolibet
2074 3189 2418 3246 attemptaret,
2454 3189 2506 3231 et
2540 3182 2583 3232 si
2618 3197 2765 3232 secus
2800 3197 2921 3246 pre·-

548 3278 785 3331 sumeret,
821 3276 962 3317 certa
996 3282 1130 3331 pena
1163 3267 1456 3331 pecuniaria
1509 3270 1786 3333 puniretur,
1841 3269 2164 3318 serenitatem
2216 3277 2357 3317 tuam
2406 3283 2497 3332 per
2547 3283 2665 3317 suas
2723 3268 2922 3318 litteras

547 3355 828 3417 rogandam
865 3353 1013 3402 duxit
1049 3352 1292 3401 attentius
1328 3359 1379 3401 et
1413 3353 1738 3415 hortandam,
1775 3361 1833 3403 ut
1867 3368 1959 3417 pro
1998 3353 2172 3402 diuina
2205 3359 2257 3402 et
2290 3351 2569 3416 apostolice
2606 3352 2738 3402 sedis
2779 3367 2922 3402 reue·

546 3438 710 3488 rentia
743 3437 1141 3502 prohibitionem
1192 3436 1499 3499 huiusmodi,
1538 3454 1652 3487 cum
1687 3439 1740 3487 in
1774 3438 1967 3502 negotij
2007 3446 2137 3487 terre
2174 3445 2348 3487 sancte
2384 3438 2703 3502 dispendium
2737 3439 2921 3486 redun-

547 3524 706 3584 daret,
743 3523 947 3571 sublata
982 3520 1286 3572 difficultate
1321 3523 1547 3585 qnalibet
1580 3538 1863 3573 reuocareS.
1937 3522 2069 3574 Cum
2094 3523 2253 3585 igitur
2275 3524 2341 3573 ad
2364 3523 2522 3588 ipsius
2546 3523 2919 3587 promotionem

545 3607 737 3670 negotij
779 3607 997 3657 sollicite
1033 3607 1372 3668 intendenteS,
1410 3609 1518 3657 eius
1555 3609 1779 3672 quelibet
1813 3609 2107 3658 studeamus
2146 3607 2413 3659 obstacula
2463 3608 2783 3668 submouere,
2820 3607 2921 3656 ccl·

546 3693 819 3742 situdinem
854 3692 1047 3756 regiam
1081 3707 1325 3755 rogamus
1361 3699 1414 3742 et
1446 3693 1714 3742 hortamur
1748 3699 1955 3754 attente,
1993 3692 2232 3756 quatinus
2270 3694 2336 3742 ob
2390 3692 2616 3742 diuinam
2676 3699 2729 3742 et
2784 3693 2919 3742 sedis

544 3780 881 3828 reuerentiam
916 3776 1223 3840 supradicte,
1259 3777 1650 3841 prohibitionem
1685 3777 1981 3841 predictam,
2019 3793 2117 3842 que
2152 3778 2191 3827 si
2231 3777 2503 3842 diligenter
2538 3777 2818 3827 attenditur
2867 3779 2920 3828 in

544 3863 619 3913 tui
655 3863 791 3913 cedit
826 3863 1209 3926 derogationem
1245 3863 1470 3922 honoris,
1505 3877 1608 3911 non
1642 3861 1847 3912 differas
1882 3877 2139 3924 reuocare,
2174 3864 2247 3912 ita
2266 3864 2404 3927 quod
2421 3863 2685 3927 proindea
2709 3864 2917 3912 domino

544 3951 790 4012 premium
825 3947 1066 4011 consequi
1100 3947 1359 4008 merearis,
1384 3961 1577 4011 nosque
1597 3948 1733 4010 regie
1758 3948 2050 3998 deuotionis
2076 3947 2526 4012 promptitudinem
2545 3962 2647 3998 non
2665 3948 2917 3998 immerito

545 4036 970 4084 commendemus.
1023 4033 1220 4081 Datum
1258 4033 1422 4081 Rome
1457 4023 1593 4097 apu'd
1629 4039 1858 4081 sanctam
1893 4031 2134 4083 Sabinam
2153 4049 2311 4084 nonas
2332 4031 2567 4096 Januarij
2590 4035 2918 4099 pontificatus

545 4119 704 4167 nostri
741 4133 876 4168 anno
918 4118 1100 4181 primo.

1238 4183 1367 4229 (Arch.
1395 4184 1479 4224 Vnt.
1508 4185 1599 4231 neg.
1630 4186 1766 4222 Honor.
1795 4184 1855 4222 lv.
1886 4195 1945 4222 an.
1976 4185 2001 4221 Ι.
2031 4195 2089 4233 ep.
2118 4181 2225 4228 244).

1305 4377 1406 4434 43.
1502 4377 1678 4434 1286.
1767 4376 1865 4434 5te
1907 4376 2152 4434 Januar.

674 4490 934 4541 Honorius
970 4491 1235 4556 episcopus
1272 4507 1312 4541 s.
1350 4507 1389 4541 s.
1427 4493 1476 4541 d.
1513 4493 1776 4542 carissimo
1801 4492 1855 4541 in
1880 4491 2087 4542 Christo
2114 4491 2221 4541 filio
2248 4528 2259 4540 .
2287 4527 2299 4540 .
2320 4492 2428 4556 regi
2450 4491 2699 4556 Norweye
2720 4490 2916 4553 jllustri

542 4575 757 4625 salutem
793 4582 845 4625 et
889 4576 1224 4641 apostolicam
1272 4576 1696 4626 benedictionem.
1784 4575 1838 4625 A
1888 4576 2025 4639 regie
2076 4577 2359 4626 serenitatis
2411 4576 2594 4626 notitia
2650 4574 2759 4625 sore
2811 4589 2916 4625 non

543 4660 793 4710 credimus
831 4660 1070 4722 alienum,
1107 4660 1324 4724 qualiter
1357 4661 1604 4710 hactenus
1640 4659 1725 4710 fel.
1761 4663 1959 4711 record.
1996 4660 2251 4711 Martinus
2286 4676 2421 4725 papa
2457 4660 2563 4764 'gij'
2590 4661 2919 4724 predecessor

2383 4734 2453 4788 11
