3534 5361
1684 333 1757 390 71

524 528 750 576 nostras
793 517 989 574 literas
1033 517 1182 574 sicut
1225 516 1280 573 in
1328 516 1540 573 eisdem
1599 516 1804 573 litteris
1874 516 2097 591 plenius
2166 518 2509 587 continetur,
2575 519 2910 579 commissis.

526 619 822 694 cupientes
868 618 1064 692 itaque
1109 617 1264 692 quod
1312 617 1512 673 eadem
1558 617 1802 691 negocia
1843 617 2149 692 quibusuis
2194 618 2415 675 nociuis
2445 618 2690 675 sublatis
2716 620 2909 675 obsta-

524 719 677 779 culis
710 726 1137 793 prosperentur,
1182 726 1243 774 vt
1286 718 1333 774 si
1379 718 1612 793 quando
1658 727 1715 774 et
1758 719 2035 793 quociens
2073 717 2277 793 prefati
2300 718 2797 793 Archiepiscopus
2843 730 2900 776 et
2921 733 2985 768 fol·
3009 733 3093 768 ⁴6¹·

524 820 849 895 Episcopus
894 826 996 875 aut
1039 815 1186 874 alter
1226 818 1483 892 ipsorum
1527 837 1738 876 vacare
1785 839 1897 877 non
1945 828 2179 895 possent
2223 828 2324 875 aut
2369 818 2591 875 nollent
2651 819 2904 893 negocijs

523 920 842 989 antediem,
886 928 950 975 tu
997 937 1066 974 ea
1110 927 1226 973 tam
1273 917 1540 975 inchoata
1584 939 1758 994 quam
1807 920 1977 977 etiam
2032 919 2359 976 inchoanda
2429 920 2612 995 possis
2679 939 2782 995 per
2847 930 2904 977 te

523 1021 708 1078 solum
755 1030 857 1078 aut
900 1019 1076 1077 alium
1122 1016 1216 1075 uel
1263 1018 1406 1075 alios
1448 1039 1551 1093 per
1594 1029 1649 1077 te
1712 1040 1888 1095 super
1931 1023 2041 1078 hoc
2088 1020 2469 1094 deputandOS,
2515 1020 2661 1078 alias
2710 1030 2901 1078 tamen

521 1123 908 1198 predictarum
951 1121 1272 1177 litterarum
1316 1121 1498 1176 forma
1541 1130 1775 1178 seruata
1819 1121 2090 1197 prosequi
2138 1129 2195 1177 et
2240 1121 2547 1196 complere,
2571 1121 2674 1180 tibi
2718 1120 2900 1180 facul-

523 1232 697 1280 tatem
744 1221 1060 1297 plenariam
1102 1231 1302 1277 tenore
1349 1221 1698 1294 presentium
1744 1222 2103 1296 inpertimur.
2173 1221 2391 1278 Datum
2439 1223 2737 1280 Auinione
2785 1222 2901 1297 .iiij.

525 1325 726 1382 Nonas
769 1323 1042 1398 Augusti,
1088 1321 1469 1379 Pontificatus
1515 1317 1893 1380 nostri‘anno
1938 1321 2105 1394 ‚xiiij‘z

692 1423 953 1497 Quarum
1000 1421 1346 1479 auctoritate
1384 1440 1494 1496 ego
1535 1422 1906 1497 supradictus
1950 1423 2161 1480 Petrus
2215 1421 2486 1496 Geruasij
2550 1424 2621 1482 de
2681 1424 2907 1482 decima

523 1524 821 1583 sexannali
866 1523 1058 1598 recepi
1106 1521 1382 1596 pecunias
1422 1521 1815 1596 infrascriptas
1836 1519 1876 1579 ¹.

1413 1786 2018 1794 ——-———-——-——-—————--—-—-

606 2009 706 2078 De
762 2009 1044 2099 receptis
1101 2029 1189 2075 ex
1243 2005 1498 2076 decima
1555 2005 1946 2077 *sexannali
2008 2011 2066 2075 in
2125 2009 2390 2076 ciuitate
2444 2017 2511 2078 et
2565 2007 2817 2077 diocesi
2918 2024 3100 2065 ‘unffi-b-

1147 2122 1603 2194 Lundensibus
1657 2127 1720 2193 in
1777 2145 1986 2212 regno
2042 2124 2267 2197 Dacie.

687 2297 864 2354 Anno
910 2297 1006 2354 dni
1054 2305 1154 2354 ,m‘l
1199 2304 1327 2355 ccc‘!
1369 2295 1558 2371 xxxij‘!
1614 2297 1706 2352 die
1751 2296 1990 2370 ‚xxvijvfl
2029 2296 2239 2354 mensis
2305 2297 2640 2372 Februarij:
2712 2298 2905 2373 recepi

521 2419 554 2454 a
601 2399 716 2454 dfio
759 2398 1030 2456 Johanne
1072 2397 1286 2455 Kanna
1346 2398 1625 2456 canonico
1671 2397 1966 2455 Lundensi
2023 2399 2245 2472 pridem
2304 2397 2614 2456 collectore
2680 2398 2903 2455 decime

518 2498 848 2556 sexannalis
887 2499 1135 2574 inposite
1179 2500 1236 2557 in
1284 2499 1530 2558 concilio
1587 2498 1644 2555 in
1713 2499 1966 2574 quadam
2032 2508 2197 2574 parte
2265 2498 2509 2558 diocesis
2574 2499 2901 2558 Lundensis

520 2629 592 2636 —-
645 2599 812 2674 .cxvj.
855 2619 1083 2658 marcas
1129 2610 1356 2659 monete
1402 2598 1749 2659 ScaniensiS.

1182 2702 1428 2778 Recepit
1460 2700 1911 2774 jnstrumentum
1955 2701 1996 2758 J
2000 2702 2235 2759 acobus.

683 2886 831 2943 Item
876 2905 1026 2944 anno
1066 2906 1182 2962 quo
1224 2906 1418 2962 supra.
1464 2888 1555 2944 die
1600 2906 1698 2944 xv.
1749 2886 1959 2944 mensis
1997 2885 2222 2959 Marcij.
2278 2887 2471 2962 recepi
2538 2906 2574 2943 a
2641 2887 2899 2961 capitulo

516 2986 810 3045 Lundensi
855 3006 961 3062 per
1002 2985 1207 3045 manus
1255 2988 1509 3047 eiusdem
1555 2988 1653 3045 d‘fii
1697 2986 1985 3045 Johannis
2029 2987 2243 3044 Kanna
2302 2987 2372 3043 de
2429 2986 2702 3062 pecunia«
2746 2987 2897 3045 eius-

516 3091 644 3146 dem
691 3088 912 3145 decime
958 3088 1200 3146 collecte
1247 3109 1349 3163 per
1390 3089 1568 3145 dfium
1609 3087 1863 3147 Olauum
1912 3087 2252 3145 canonicum
2299 3088 2667 3145 Lundensem
2713 3107 2897 3163 quon-

517 3191 651 3247 dam
690 3188 1057 3247 collectorem
1104 3188 1360 3246 eiusdem
1407 3188 1626 3246 decime
1670 3189 1726 3245 in
1774 3188 2025 3264 quadam
2071 3197 2235 3264 parte
2271 3188 2421 3260 dicte
2460 3188 2703 3247 diocesis
2739 3190 2896 3245 Lun-

516 3291 706 3349 densis
751 3320 832 3328 —
877 3290 1074 3365 xxxij.
1118 3309 1345 3348 marcas
1391 3290 1541 3347 dicte
1587 3299 1815 3347 monete
1861 3289 2205 3349 Scaniensis.

1182 3391 1428 3466 Recepit
1459 3391 1911 3465 jnstrumentum
1955 3390 2234 3449 Jacobus.

682 3559 830 3616 Item
876 3578 1027 3617 anno
1073 3577 1189 3634 quo
1233 3578 1426 3633 supra.
1473 3559 1564 3616 die
1619 3559 1764 3633 ‚xxj‘t
1826 3557 2052 3633 Marcij.
2110 3558 2301 3635 recepi
2370 3579 2405 3617 a
2470 3561 2675 3618 eodem
2742 3560 2897 3618 dicto

514 3660 628 3717 dfio
671 3661 941 3719 Johanne
973 3660 1187 3716 Kanna
1233 3660 1303 3717 de
1346 3660 1593 3736 pecunia
1639 3661 1893 3719 eiusdem
1940 3660 2161 3717 decime
2207 3661 2448 3719 collecte
2494 3681 2597 3737 per
2641 3680 2771 3718 eum
2823 3690 2891 3699 --

513 3781 585 3818 .x.
632 3780 873 3819 marcas·
917 3770 974 3818 et
1018 3760 1232 3835 xxviij.
1276 3762 1559 3819 denarios.
1604 3762 1755 3819 dicte
1801 3771 2044 3819 monete.

1161 3862 1405 3937 Recepit
1437 3861 1890 3936 jnstrumentum
1935 3857 2250 3921 Johannes.

679 4032 806 4089 Hec
851 4031 1044 4106 recepi
1091 4032 1160 4088 de
1205 4031 1556 4088 restantibus
1607 4031 1787 4105 ipsius
1853 4031 2075 4089 decime
2135 4031 2194 4088 in
2258 4031 2495 4089 ciuitate
2556 4040 2614 4089 et
2680 4032 2892 4089 diocesi

512 4132 799 4207 predictis.
2081 4193 2091 4205 .

679 4232 897 4308 Recepi
942 4232 1127 4307 primo
1173 4253 1206 4289 a
1252 4252 1499 4308 persona
1543 4234 1786 4292 ecclesie
1831 4234 2013 4292 sancti
2060 4233 2374 4292 Clementis
2418 4232 2668 4292 ciuitatis
2693 4233 2892 4290 Lund-

511 4335 662 4392 ensis
705 4334 938 4392 racione
985 4334 1136 4391 dicte
1183 4334 1404 4391 decime
1451 4353 1564 4391 non
1609 4335 1796 4392 solute
1841 4353 1947 4409 pro
1995 4335 2195 4393 ultimo
2241 4334 2485 4391 termino
2530 4336 2714 4393 ultimi
2756 4335 2888 4392 anni

511 4437 582 4493 de
620 4436 775 4493 dicta
817 4434 1064 4492 ecclesia
1106 4454 1213 4493 sua
1286 4465 1323 4470 ”—
1385 4434 1474 4509 .vj.
1521 4456 1652 4493 oras
1698 4436 2065 4494 denariorum
2109 4436 2525 4496 Scaniensium.

583 4578 597 4607 ¹
647 4583 822 4645 Ogsaa
859 4582 993 4632 disse
1030 4591 1082 4631 to
1121 4582 1294 4645 Linjcr
1330 4600 1480 4648 synes
1526 4595 1578 4633 at
1632 4601 1759 4634 vaere
1816 4600 1992 4635 seuere
2046 4584 2295 4647 tilfejede‚
2352 4600 2467 4634 men
2526 4585 2641 4633 med
2702 4598 2892 4633 samme

646 4667 852 4728 Hae-nd,
891 4683 998 4717 som
1038 4670 1124 4717 det
1159 4667 1347 4730 ovi-ige.
