3534 5361
1676 411 1716 467 7

843 596 1081 656 Summa
1127 593 1496 653 Summarum
1540 597 1903 652 marcharum
1950 594 2174 672 argenti
2217 591 2331 670 que
2370 615 2478 670 pro
2523 595 2691 653 dictis
2735 616 2883 653 mar-

676 697 796 754 chis
840 697 1206 754 denariorum
1253 704 1309 752 et
1353 696 1575 769 argenti
1622 705 1738 752 tam
1788 696 1994 755 Suecie
2038 717 2212 772 quam
2258 696 2444 753 Dacie
2501 696 2699 753 habite
2753 708 2889 754 sunt

680 825 750 833 —
800 797 895 867 vi¹3¹
966 805 1030 854 v‘i
1073 795 1254 871 xxxij.
1311 799 1543 853 marche
1606 795 1697 869 .vj.
1756 798 1922 853 vneie
1987 808 2043 854 ct
2104 798 2154 872 ‚j
2222 808 2463 872 quartus
2520 797 2746 871 argenti
2812 798 2885 853 ad

673 899 901 974 pondus
945 899 1236 955 Trecense
1281 896 1340 952 in
1384 897 1672 955 vniuerso.
1764 899 1857 954 De
1905 899 2115 973 quibus
2150 899 2643 973 superintendens
2684 898 2887 954 uendi-

675 1000 759 1056 dit
821 999 1080 1056 Parisius
1131 1031 1200 1038 -·-
1246 996 1333 1072 iij0.
1397 997 1515 1071 lxij.
1561 999 1842 1073 ‘marchas
1888 1000 2109 1073 argenti
2156 1016 2274 1074 pro
2320 999 2481 1073 ‚viiije
2537 999 2659 1055 lxv.
2729 997 2889 1054 libris

679 1098 1125 1170 Turonensium,
1169 1108 1504 1174 computata
1549 1099 1806 1174 qualibet
1850 1102 2085 1157 marcha
2130 1120 2235 1175 pro
2282 1101 2393 1175 .liij.
2439 1100 2637 1157 solidis
2682 1109 2737 1156 et
2772 1098 2887 1173 .iiij.

675 1199 925 1274 denarijs
979 1198 1423 1256 Turonensium.

845 1302 989 1358 Item
1053 1328 1106 1335 -
1160 1299 1318 1374 xiiij‘ls¹
1396 1322 1440 1357 c.
1479 1299 1759 1374 lxxxxvij.
1807 1300 1949 1357 libre
1997 1310 2051 1357 et
2095 1300 2207 1375 ,xij.
2253 1301 2418 1357 solidi
2446 1301 2892 1358 Turonensium.

848 1401 996 1459 Item
1038 1403 1232 1459 habite
1279 1411 1412 1460 sunt·
1457 1403 1527 1458 de
1571 1431 1650 1437 ’-
1711 1421 1759 1457 c.
1825 1401 2025 1475 lxxvij.
2089 1401 2334 1459 marchis
2393 1401 2760 1458 denariorum
2821 1402 2893 1457 de

677 1503 810 1559 Rua
856 1510 913 1559 et
957 1503 1028 1559 de
1072 1502 1264 1560 Dacia
1308 1523 1374 1560 .c.
1420 1521 1536 1558 .xx.
1585 1501 1728 1558 libre
1773 1502 2220 1560 Turonensium.

844 1603 993 1659 Item
1045 1631 1113 1639 -
1163 1604 1321 1660 lxxv.
1366 1604 1511 1661 libre
1535 1603 1963 1659 Turonensium
2010 1604 2080 1659 de
2126 1602 2310 1660 tribus
2355 1602 2602 1660 marchis
2648 1612 2705 1658 et
2738 1602 2892 1676 .xiiij.

678 1702 968 1777 sterlingis
1012 1703 1084 1760 de
1128 1723 1272 1761 auro
1315 1705 1520 1763 Dacie.

848 1804 993 1862 Item
1042 1834 1121 1842 -
1166 1805 1309 1879 viiijc.
1351 1806 1470 1862 lxv.
1508 1805 1651 1862 libre
1686 1805 2117 1861 Turonensium
2161 1805 2231 1861 de
2273 1803 2546 1879 predictis
2573 1832 2645 1840 --·
2674 1803 2897 1878 ccclxij.

688 1905 934 1966 marchis
979 1906 1053 1963 ad
1099 1908 1326 1981 pondus
1372 1906 1663 1962 Trecense
1710 1904 1958 1962 uenditis
2003 1915 2175 1980 prout
2220 1923 2398 1979 supra
2443 1905 2799 1980 exprimitur.

850 2007 1094 2065 Summa
1149 2009 1517 2065 marcharum
1564 2007 1782 2082 argenti
1830 2008 1902 2062 ad
1949 2006 2175 2081 pondus
2202 2006 2494 2063 Trecense
2539 2026 2653 2082 que
2698 2016 2900 2064 extant

694 2136 738 2142 -ν
805 2105 903 2181 vj¹!'
977 2108 1132 2164 clxx.
1182 2110 1415 2166 marche
1462 2107 1550 2182 ‚vj.
1598 2108 1764 2165 vncie
1814 2117 1869 2163 et
1913 2106 1964 2181 .j.
2012 2115 2271 2182 quartuS.

850 2206 1000 2264 Item
1026 2208 1266 2268 Summa
1291 2210 1543 2266 omnium
1563 2208 1987 2277 Turonensium
2013 2207 2402 2283 predictorum
2430 2242 2479 2247 --
2516 2215 2634 2264 xv¹f¹
2680 2209 2900 2284 ccclvij.

681 2307 826 2365 libre
872 2315 929 2364 et
964 2308 1079 2384 .xij.
1125 2309 1294 2367 solidi
1334 2311 1776 2368 Turonensium.

682 2510 775 2568 De
821 2508 1061 2568 Summa
1106 2514 1469 2570 marcharum
1516 2513 1883 2571 denariorum
1927 2519 2293 2586 receptorum
2340 2529 2413 2566 ex
2457 2510 2683 2569 decima
2715 2512 2902 2570 Dacie

515 2620 814 2669 remanent
844 2609 1058 2668 ibidem
1080 2611 1139 2669 in
1166 2612 1430 2689 deposito
1456 2614 1511 2670 in
1543 2613 1786 2672 diuersis
1812 2613 1956 2671 locis
1977 2632 2155 2689 penes
2184 2610 2524 2669 collectores
2555 2621 2612 2668 et
2648 2613 2903 2687 capitula

517 2713 891 2771 ecclesiarum
915 2714 1102 2789 Regni
1126 2714 1313 2772 Dacie
1337 2742 1418 2751 --
1444 2713 1518 2788 ijm
1592 2715 1673 2789 vj.
1715 2715 1856 2790 viiij.
1885 2716 2116 2771 marche
2140 2714 2505 2771 denariorum
2534 2733 2899 2788 cupreorum.

684 2812 834 2869 Item
901 2814 972 2871 de
1027 2823 1269 2890 argento
1329 2827 1629 2875 remanent
1685 2816 1894 2873 ibidem
1947 2815 2003 2871 in
2066 2815 2329 2890 deposito
2399 2842 2460 2850 --
2524 2833 2572 2871 c.
2640 2814 2903 2889 lxxxxvj.

517 2914 752 2971 marche
797 2915 1021 2989 argenti
1062 2914 1121 2972 in
1177 2918 1432 2991 pondere
1488 2917 1694 2988 Dacie,
1759 2925 1934 2992 prout
1984 2918 2090 2974 hec
2151 2923 2416 2974 constant
2476 2934 2581 2989 per
2640 2916 2903 2990 publicas

520 3014 739 3073 litteras
783 3015 1154 3090 prelatorum.

689 3115 782 3173 De
819 3135 1045 3175 summa
1098 3137 1242 3176 uero
1301 3122 1668 3177 marcharum
1724 3120 2087 3176 denariorum
2154 3128 2520 3194 receptorum
2563 3117 2623 3173 in
2669 3117 3108 3183 Sueciaf01,25,„,1

520 3226 817 3274 remanent
859 3216 1070 3273 ibidem
1113 3218 1281 3276 simili
1328 3222 1499 3277 modo
1547 3250 1623 3257 —
1670 3220 1748 3295 ijr
1819 3220 2003 3295 ccxiij.
2053 3221 2284 3277 marche
2331 3218 2717 3275 denariorum.

862 3317 1106 3377 Summa
1152 3320 1542 3395 predictarum
1589 3324 1954 3380 marcharum
1998 3341 2110 3397 que
2167 3328 2469 3377 remanent
2521 3319 2580 3375 in
2643 3319 2908 3394 deposito

694 3416 748 3473 in
795 3418 1071 3492 predictis
1114 3420 1340 3480 duobus
1380 3423 1600 3497 Regnis
1666 3453 1696 3458 -
1753 3423 1869 3497 1iij¹1¹
1926 3423 2048 3497 viij‘?
2091 3421 2229 3497 xxij.
2265 3423 2497 3479 marche
2522 3421 2907 3478 denariorum.

594 3561 612 3592 ¹
661 3567 892 3617 Bladene
925 3568 944 3616 i
977 3566 1162 3617 Codex
1200 3585 1282 3618 ere
1321 3572 1482 3619 under
1517 3574 1614 3620 den
1650 3572 1665 3618 i
1702 3570 1889 3633 forrige
1909 3571 2281 3620 Aarhundrede
2318 3570 2580 3631 foretagne
2598 3569 2911 3631 Indbinding

659 3654 753 3701 ved
801 3653 1071 3703 Forseelse
1124 3654 1184 3703 af
1221 3655 1583 3718 Bogbindcren
1629 3664 1760 3705 satte
1808 3657 1822 3703 i
1870 3672 1932 3704 en
1979 3657 2168 3719 urigtig
2213 3655 2401 3715 Orden,
2457 3654 2689 3703 saaledes
2737 3660 2793 3701 at
2829 3654 2914 3701 det

658 3737 810 3798 Blad,
852 3739 940 3786 der
977 3739 1156 3787 skulde
1195 3740 1336 3804 felge
1374 3741 1716 3790 umiddclbart
1753 3741 1879 3789 ester
1915 3739 2003 3788 fol.
2048 3744 2105 3790 17
2144 3757 2211 3802 og
2247 3740 2479 3787 saalcdes
2516 3752 2646 3785 vaere
2694 3735 2781 3786 fol.
2836 3742 2912 3797 18,

660 3836 716 3870 er
752 3823 925 3871 indsat
962 3838 1031 3886 og
1066 3839 1244 3875 seuere
1282 3826 1487 3875 folicret
1522 3841 1630 3873 som
1669 3824 1755 3873 fol.
1797 3831 1875 3884 26,
1930 3828 2137 3874 medens
2186 3825 2417 3872 derimod
2465 3826 2552 3871 det
2597 3822 2747 3882 Blad,
2802 3838 2913 3871 som

657 3906 797 3968 igjen
835 3908 1016 3957 skulde
1053 3909 1193 3973 fulge
1232 3910 1466 3969 derefter,
1503 3910 1669 3959 altsaa
1705 3925 1834 3958 vaere
1871 3909 1960 3959 fol.
2005 3914 2085 3970 19,
2131 3925 2199 3957 nu
2237 3908 2403 3970 felger
2436 3907 2779 3956 umiddelbart
2813 3922 2913 3969 paa

661 3990 748 4040 fol.
811 3994 867 4041 17
918 4008 1027 4042 som
1064 3992 1154 4043 fol.
1210 4000 1288 4055 18,
1345 4012 1412 4057 og
1448 3996 1678 4044 saaledes
1715 3995 1981 4043 fremdeles
2020 3996 2080 4042 de
2116 3993 2295 4053 Blade,
2344 3994 2434 4041 der
2468 3992 2695 4054 egentlig
2730 3991 2911 4039 skulde

661 4091 788 4125 vaere
825 4076 916 4126 fol.
937 4082 1018 4138 20,
1040 4083 1098 4126 21
1125 4094 1194 4141 og
1213 4086 1295 4141 22,
1334 4097 1451 4129 men
1471 4096 1539 4128 nu
1566 4096 1648 4128 ere
1686 4080 1867 4128 blevne
1904 4079 1993 4129 fol.
2038 4084 2115 4137 19,
2138 4083 2202 4126 20
2223 4093 2291 4139 og
2318 4083 2407 4135 213
2443 4078 2539 4124 ved
2576 4091 2638 4123 en
2675 4075 2912 4136 lignende

660 4160 969 4223 Feiltagelse
1017 4177 1072 4210 er
1120 4163 1396 4213 sidenefter
1443 4166 1529 4213 det
1574 4165 1726 4224 Blad,
1782 4166 1871 4212 der
1920 4164 2145 4226 egentlig
2182 4163 2361 4211 skulde
2399 4175 2528 4209 vaere
2566 4159 2656 4208 fol.
2700 4165 2778 4218 23,
2834 4167 2915 4207 sat

662 4259 772 4292 som
813 4244 900 4294 fol.
942 4249 1024 4308 27,
1062 4247 1286 4297 hvorved
1319 4250 1379 4297 de
1420 4250 1597 4309 Blade,
1646 4252 1735 4297 der
1772 4248 2041 4311 retteligen
2078 4248 2260 4296 skulde
2295 4261 2425 4295 vaere
2462 4244 2549 4294 fol.
2590 4250 2670 4305 24,
2710 4251 2789 4304 25,
2832 4250 2913 4303 26,

665 4331 744 4388 27,
784 4344 867 4379 ere
903 4331 1082 4379 blevne
1122 4331 1208 4380 fol.
1250 4339 1331 4394 22,
1371 4340 1451 4393 23,
1491 4341 1569 4386 24,
1611 4339 1688 4382 25.
1729 4333 1976 4394 Samtlige
2014 4332 2175 4379 Blade
2214 4331 2342 4380 cftcr
2377 4331 2464 4379 fol.
2509 4332 2566 4379 17
2604 4316 2725 4378 maa
2749 4329 2915 4378 altsaa

662 4414 806 4463 laeses
862 4416 879 4463 i
931 4415 1171 4478 fulgendo
1226 4416 1427 4467 Orden:
1492 4424 1569 4477 26,
1623 4423 1699 4476 18,
1754 4423 1829 4477 19,
1880 4423 1958 4478 20,
1997 4423 2078 4477 21,
2118 4419 2199 4475 27,
2236 4423 2321 4476 22,
2358 4422 2437 4472 23,
2479 4420 2559 4475 24,
2597 4420 2679 4476 25,
2715 4420 2794 4476 28,
2832 4420 2911 4462 29.

663 4498 839 4548 Feilen
894 4515 949 4550 er
984 4502 1267 4551 aabenbart
1302 4503 1444 4551 skeet
1481 4504 1685 4563 derved,
1739 4512 1794 4550 at
1830 4504 1891 4550 de
1945 4502 2245 4549 nuvaerende
2307 4499 2398 4549 fol.
2454 4505 2517 4548 26
2572 4515 2641 4561 og
2692 4502 2771 4559 27,
2826 4500 2915 4546 der

664 4583 843 4647 haengc
880 4601 1110 4635 sammen
1146 4602 1214 4649 og
1250 4589 1416 4636 danne
1453 4596 1534 4635 ect
1570 4587 1697 4645 Ark,
1735 4602 1820 4635 ere
1858 4587 1995 4646 lagte
2035 4586 2049 4633 i
2084 4585 2285 4633 Midten
2322 4583 2379 4632 af
2408 4584 2665 4646 Laeggene
2710 4583 2914 4631 mellem

661 4666 746 4716 fol.
787 4675 849 4718 25
890 4668 1104 4732 (egentl.
1128 4667 1218 4728 27)
1259 4687 1327 4733 og
1365 4677 1442 4731 28,
1479 4670 1750 4720 istedctfor
1787 4679 1840 4719 at
1878 4670 2119 4718 omslutte
2145 4670 2376 4717 Bladene
2410 4669 2615 4717 mellem
2656 4669 2713 4716 17
2751 4683 2820 4729 og
2845 4672 2909 4714 22

663 4748 878 4816 (egentl.
918 4751 1025 4814 24).
