3534 5361
1740 320 1862 380 156

613 510 667 554 et
702 504 1046 568 dispensando
1083 518 1201 560 eum
1235 503 1337 552 illis
1374 518 1525 566 super
1560 503 1956 566 irregularitate,
1991 507 2033 554 si
2069 521 2221 569 quam
2259 508 2332 556 sic
2365 506 2515 570 ligati
2567 522 2623 556 se
2672 508 3003 557 immiscendo

613 588 802 639 diuinis
838 587 1023 652 officijs
1059 594 1443 647 contraxerunt,
1481 589 1709 638 iniuncto
1747 588 1819 638 eis
1857 591 1992 653 quod
2030 591 2092 638 de
2126 590 2235 640 iure
2271 589 2424 640 fuerit
2457 590 2842 655 iniungendum.
2889 591 3002 642 Vo-

612 673 782 724 lumus
818 680 989 723 autem
1025 673 1160 737 quod
1197 682 1285 722 tua
1321 688 1416 722 nos
1453 671 1690 736 frequens
1727 673 1900 723 littera
1935 675 2134 735 doceat,
2169 675 2290 738 quid
2326 685 2378 725 et
2413 682 2660 739 quantum
2696 677 2759 725 de
2807 677 3004 743 decima

612 757 843 822 predicta
877 756 1144 821 receperis,
1183 763 1234 806 et
1269 757 1487 820 qualiter
1520 758 1573 806 in
1607 757 1819 820 negotio
1843 757 2179 821 procedatur.
2249 761 2444 810 Datum
2479 762 2617 825 apud
2639 759 3001 811 Montemflas-

615 856 798 891 eonem
832 841 935 891 kal.
973 840 1213 893 Octobris
1249 842 1577 905 pontificatus
1613 842 1774 892 nostri
1810 858 1945 893 anno
1981 845 2222 893 secundo,

720 940 727 946 ·
809 923 947 968 (Atell.
976 925 1060 963 Vnt.
1090 924 1233 971 nagia.
1263 925 1407 964 martin.
1438 925 1501 964 lv.
1536 936 1596 963 ιιι.
1630 926 1672 963 ll.
1709 937 1769 974 ep.
1800 924 1858 963 71.
1918 927 2048 975 03⁸³·
2076 926 2173 974 neg.
2205 929 2341 967 uonor.
2371 928 2435 966 lv.
2464 939 2512 965 ιιι
2555 928 2580 966 1.
2611 938 2672 976 ep.
2699 924 2806 971 351).

1313 1150 1410 1208 31.
1507 1149 1684 1208 1285.
1793 1152 1915 1208 lste
1956 1150 2310 1210 November.

749 1263 1014 1315 Honorius
1049 1265 1319 1329 episcopus
1355 1280 1396 1315 s.
1437 1281 1476 1315 s.
1514 1266 1611 1315 dei.
1650 1265 1838 1315 dilecto
1873 1264 1979 1315 filio
2016 1265 2331 1329 Huguicioni
2367 1267 2587 1333 plebano
2625 1267 2786 1333 plebis
2822 1268 2885 1317 de
2905 1267 3005 1318 Ca-

616 1347 853 1399 stellione
886 1346 1100 1398 Aretine
1136 1349 1354 1399 diocesis
1391 1350 1660 1414 capellano
1698 1357 1875 1400 nostro
1912 1349 2176 1401 collectori
2212 1351 2404 1401 decime
2440 1351 2494 1400 in
2526 1367 2685 1414 regno
2736 1352 3006 1416 Norwegie

617 1428 748 1483 terre
784 1439 961 1483 sancte
998 1433 1257 1497 deputate.
1296 1433 1515 1484 salutem
1550 1442 1601 1484 et
1644 1435 1986 1499 apostolicam
2030 1436 2463 1485 benediccionem.
2560 1434 2809 1486 Gerentes
2862 1427 3032 1487 cordi'

615 1517 889 1581 negocium
925 1524 1058 1567 terre
1093 1523 1270 1567 sancte
1305 1518 1470 1568 multa
1505 1519 1763 1569 reddimur
1798 1519 2090 1569 attencione
2125 1520 2332 1570 solliciti
2367 1529 2422 1568 vt
2451 1536 2568 1569 cum
2602 1533 2821 1585 persona
2855 1536 3008 1585 super

617 1602 940 1652 colleccionis
976 1589 1172 1652 decime
1207 1603 1368 1668 ipsius
1405 1611 1535 1653 terre
1571 1603 1906 1653 subuencioni
1943 1619 2186 1655 concesse
2214 1605 2494 1655 ministerio
2520 1620 2552 1653 a
2576 1605 2697 1654 sede
2723 1606 3007 1669 apostolica

617 1687 861 1751 deputata
898 1684 1252 1737 *subthraitur
1286 1687 1439 1736 aliam
1477 1687 1572 1737 sibi
1622 1689 1924 1750 quantocius
1975 1691 2230 1754 ydoneam
2282 1705 2607 1753 surrogemus
2666 1705 2730 1739 ne
2782 1691 3007 1755 predicte

618 1779 751 1822 terre
794 1771 1067 1836 negocium
1115 1771 1287 1821 debita
1339 1773 1657 1836 prestacione
1711 1773 1922 1836 subsidij
1985 1773 2307 1837 quantolibet
2359 1775 2703 1825 defraudetur.
2795 1776 3007 1825 Dudum

618 1856 868 1921 siquidem
903 1855 1066 1906 felicis
1104 1857 1478 1906 recordacionis
1518 1856 1801 1921 Gregorius
1837 1874 1972 1922 papa
2008 1858 2235 1909 decimus
2273 1860 2600 1922 predecessor
2647 1867 2824 1910 noster
2871 1861 3008 1911 bone

617 1940 863 1992 memorie
899 1941 1279 1992 Nidrosiensem
1315 1941 1756 2007 archiepiscopum
1792 1944 1856 1992 ad
1894 1943 2240 2005 colligendum
2275 1943 2522 1994 decimam
2543 1944 3009 1995 ecclesiasticorum

619 2026 911 2076 reddituum
947 2035 999 2076 et
1033 2035 1373 2091 proventuum
1409 2042 1561 2090 quam
1608 2027 1718 2092 ipse
1769 2028 2100 2092 predecessor
2149 2027 2203 2076 in
2257 2029 2481 2089 predicte
2540 2037 2672 2079 terre
2723 2029 3003 2079 subsidium

616 2110 953 2175 Lugdunensi
986 2110 1301 2175 approbante
1336 2112 1555 2161 concilio
1592 2113 1811 2161 duxerat
1845 2114 2223 2162 concedendam
2258 2113 2309 2161 in
2345 2128 2502 2176 regno
2537 2113 2811 2177 Norwegie
2848 2116 3004 2179 depu-

621 2197 768 2247 tauit.
839 2197 987 2246 Dans
1022 2196 1188 2245 eidem
1224 2196 1610 2261 archiepiscopo
1647 2212 1736 2261 per
1771 2196 1968 2247 litteras
2005 2198 2315 2261 apostolicas
2351 2198 2406 2247 in
2433 2201 2688 2249 mandatis
2707 2208 2762 2250 vt
2779 2201 3004 2265 predicte

621 2280 815 2331 decime
851 2281 1139 2345 colligende
1175 2281 1227 2329 in
1262 2280 1492 2344 predicto
1530 2296 1690 2344 regno
1728 2281 1951 2332 sollicite
1986 2298 2160 2331 curam
2196 2297 2378 2346 gerens
2414 2284 2468 2333 in
2521 2284 2737 2349 singulis
2788 2284 3006 2334 ciuitati-

620 2366 716 2415 bus
752 2372 805 2414 et
838 2365 1128 2415 diocesibus
1165 2365 1285 2416 dicti
1321 2365 1468 2428 regni
1503 2366 1565 2414 de
1601 2365 1817 2415 consilio
1852 2366 2081 2416 locorum
2119 2367 2358 2429 ordinarij
2398 2376 2486 2418 aut
2506 2370 2615 2419 eius
2632 2371 2767 2420 vices
2785 2370 3007 2433 gerentis

622 2448 664 2499 si
701 2450 1004 2500 diocesanus
1041 2450 1148 2514 ipse
1185 2451 1371 2501 absens
1408 2451 1656 2500 existeret
1692 2457 1743 2499 et
1780 2452 1998 2501 duorum
2043 2453 2141 2502 fide
2178 2454 2447 2516 dignorum
2485 2456 2547 2504 de
2583 2454 2799 2504 ecclesia
2834 2455 3006 2504 cathe-

622 2531 753 2583 drali
787 2533 1181 2585 constitutorum
1216 2536 1268 2584 in
1306 2535 1638 2599 dignitatibus
1675 2550 1765 2585 seu
1802 2536 2018 2585 aliorum
2066 2552 2166 2600 quo
2221 2539 2287 2587 ad
2340 2554 2444 2589 non
2498 2547 2729 2589 exemtos
2788 2554 2889 2602 quo
2940 2540 3007 2588 ad

621 2625 855 2668 exemtos
889 2634 1012 2670 vero
1049 2622 1112 2671 de
1148 2620 1362 2670 consilio
1399 2619 1685 2684 aliquorum
1722 2620 1996 2685 proborum
2035 2622 2096 2670 de
2133 2629 2394 2672 contracta
2431 2624 2701 2688 deputaret
2736 2623 2862 2671 duas
2897 2637 3006 2688 per-

621 2718 776 2754 sonas
811 2703 911 2755 fide
945 2703 1275 2755 facultatibus
1329 2705 1371 2754 si
1425 2705 1555 2756 tales
1608 2707 1958 2756 inuenirentur
2009 2709 2275 2757 commode
2328 2716 2418 2757 aut
2469 2710 2597 2758 alias
2654 2702 2883 2772 'ydoneas
2941 2710 3008 2758 ad

622 2788 950 2840 colleccionis
985 2790 1276 2841 huiusmodi
1312 2790 1647 2840 ministerium
1684 2792 2055 2854 exequendum.
2138 2790 2454 2842 Collectores
2490 2808 2610 2843 vero
2646 2808 2773 2857 quos
2810 2795 2877 2843 ad
2910 2794 3008 2843 hoc

622 2880 681 2923 ut
714 2875 1027 2938 premittitur
1060 2875 1329 2938 deputaret
1363 2875 1530 2924 iurare
1583 2874 1777 2923 faceret
1830 2877 1965 2939 quod
2023 2876 2272 2926 decimam
2329 2877 2552 2927 omnium
2614 2878 2899 2928 reddituum
2959 2886 3011 2927 et

622 2967 958 3023 prouentuum
996 2959 1460 3011 ecclesiasticorum
1498 2960 1563 3009 ab
1601 2960 1838 3009 omnibus
1873 2961 2104 3024 personis
2141 2961 2502 3011 ecclesiasticis
2539 2962 2755 3012 exemtis
2804 2969 2856 3012 et
2907 2978 3012 3012 non

623 3046 871 3108 exemptis
908 3044 962 3093 in
996 3043 1146 3094 dictis
1183 3044 1410 3108 partibus
1448 3045 1739 3094 constitutis
1776 3061 1869 3109 pro
1906 3045 2133 3096 subsidio
2173 3054 2302 3095 terre
2341 3054 2516 3095 sancte
2559 3060 2854 3096 concessam
2888 3048 3011 3097 fide-

620 3126 737 3178 liter
770 3127 1039 3192 exigerent
1072 3128 1374 3192 colligerent
1408 3131 1690 3194 reciperent
1725 3137 1777 3179 et
1812 3130 1966 3180 etiam
2001 3131 2318 3180 custodirent
2352 3145 2454 3181 non
2501 3130 2775 3181 deferendo
2822 3131 2876 3180 in
2932 3131 3011 3180 his

623 3212 779 3263 alicui
814 3229 1031 3278 persone
1067 3212 1411 3277 cuiuscunque
1467 3216 1656 3264 ordinis
1709 3223 1872 3265 status
1932 3215 2246 3265 condicionis
2299 3222 2389 3265 aut
2448 3216 2711 3280 dignitatis
2770 3215 3014 3265 existeret

622 3312 772 3362 prece
808 3296 989 3347 timore
1026 3297 1201 3360 gracia
1236 3297 1320 3346 uel
1354 3296 1533 3347 fauore
1569 3299 1654 3348 uel
1689 3299 1792 3348 alia
1827 3314 2128 3363 quacunque
2168 3302 2229 3350 de
2265 3315 2422 3350 causa
2455 3307 2508 3349 et
2554 3301 2770 3350 eandem
2814 3300 3010 3362 integre

623 3381 889 3430 restituere
923 3389 1270 3446 procurarent.
1310 3391 1361 3432 et
1397 3399 1549 3447 super
1583 3383 1841 3447 premissis
1878 3383 2111 3432 omnibus
2149 3393 2198 3433 et
2235 3386 2449 3449 singulis
2486 3385 2691 3449 plenam
2726 3392 2778 3434 et
2809 3385 3011 3434 fidelem

623 3465 880 3516 racionem
916 3463 1146 3531 predicto
1181 3468 1450 3516 redderent
1485 3467 1746 3519 collectori
1785 3476 1836 3517 et
1872 3468 1914 3517 si
1950 3469 2113 3532 ipsum
2151 3471 2469 3533 contingeret
2504 3469 2729 3520 officium
2764 3470 2901 3533 quod
2958 3469 3012 3518 in

624 3551 880 3614 premissis
917 3560 1116 3615 gereret
1152 3553 1407 3601 dimittere
1444 3553 1538 3601 hec
1574 3553 1753 3601 eadem
1798 3551 2026 3603 facerent
2078 3554 2226 3603 iuxta
2277 3556 2577 3605 mandatum
2635 3553 2773 3603 illius
2824 3553 2909 3617 qui
2961 3554 3011 3603 in

623 3634 775 3684 huius
811 3633 985 3686 officio
1037 3637 1432 3687 substitueretur
1476 3637 1657 3686 eidem.
1752 3636 2026 3687 Commisit
2083 3652 2282 3701 quoque
2335 3639 2499 3688 eidem
2535 3640 2919 3704 archiepiscopo
2957 3646 3015 3688 ut

624 3734 838 3783 regnum
876 3719 1135 3776 ⁴circuiret
1187 3722 1469 3787 predictum
1524 3722 1824 3785 diligencius
1878 3729 2195 3771 scrutaturus
2250 3723 2469 3786 qualiter
2520 3724 2573 3773 in
2608 3724 2881 3774 commisso
2917 3724 3012 3774 sibi

623 3802 759 3854 dicte
796 3805 1125 3856 colleccionis
1162 3806 1334 3856 officio
1371 3806 1525 3869 ijdem
1564 3822 1617 3856 se
1654 3807 1953 3856 collectores
1990 3807 2237 3856 haberent
2269 3807 2487 3871 qualiter
2537 3808 2635 3872 ipsi
2695 3810 2757 3859 de
2817 3809 3012 3858 decima

623 3888 984 3939 satisfacerent
1019 3891 1314 3954 supradicta
1349 3890 1717 3954 collectamque
1754 3907 1847 3955 per
1879 3891 1994 3940 illos
2021 3906 2085 3940 ex
2118 3892 2315 3940 decima
2349 3892 2464 3955 ipsa
2500 3893 2765 3957 pecuniam
2804 3894 2865 3942 de
2900 3908 3012 3957 pre·

625 3973 877 4022 dictorum
915 3975 1155 4038 ordinarij
1196 3984 1246 4025 et
1281 3976 1498 4025 aliorum
1535 3977 1750 4026 consilio
1790 3976 1982 4025 faceret
2017 3990 2106 4040 per
2153 3977 2454 4026 collectores
2514 3979 2723 4027 eosdem
2783 3970 2835 4027 in
2889 3978 3011 4027 tutis

623 4057 754 4107 locis
790 4058 874 4107 uel
909 4058 1025 4111 loco
1063 4061 1250 4124 deponi
1287 4061 1381 4109 sibi
1418 4061 1578 4109 eciam
1615 4076 1730 4110 cum
1769 4059 1985 4110 consilio
2023 4059 2263 4122 ordinarij
2305 4069 2357 4111 et
2391 4061 2608 4111 aliorum
2644 4062 2877 4111 mutandi
2904 4063 3012 4112 col-

622 4142 843 4192 lectores
879 4142 1017 4208 ipsos
1054 4145 1294 4208 quociens
1330 4145 1573 4208 expedire
1627 4144 1823 4193 videret
1881 4159 1942 4193 ac
1999 4144 2129 4194 alias
2189 4145 2528 4210 compellendi
2582 4147 2647 4196 ad
2699 4148 3013 4197 reddendum

624 4243 799 4277 coram
835 4229 1028 4278 eisdem
1065 4229 1334 4279 ordinariis
1371 4230 1466 4279 sibi
1503 4238 1799 4295 computum
1837 4230 1898 4278 de
1934 4229 2162 4279 collectis
2200 4238 2250 4278 et
2301 4231 2705 4281 contradictores
2759 4231 3014 4294 quoslibet

624 4328 715 4378 per
749 4328 1018 4364 censuram
1053 4315 1451 4366 ecclesiasticam
1488 4315 1793 4363 auctoritate
1830 4314 2114 4378 apostolica
2148 4315 2507 4379 compescendi
2532 4317 2735 4379 plenam
2762 4317 3014 4366 concessit

624 4399 932 4448 auctoritate
984 4398 1134 4449 simili
1195 4408 1516 4465 potestatem.
1611 4397 1808 4448 Verum
1844 4398 1966 4449 licet
1999 4399 2224 4464 predicte
2260 4399 2588 4450 colleccionis
2624 4401 2888 4464 negotium
2925 4415 3014 4465 per

624 4483 816 4533 dictum
851 4479 1293 4549 archiepiscopum
1330 4485 1449 4533 dum
1486 4484 1681 4533 viueret
1716 4482 1870 4533 fuerit
1898 4485 2196 4533 inchoatum
2221 4485 2401 4533 eodem
2428 4492 2599 4534 tamen
2623 4484 3010 4549 archiepiscopo

624 4568 829 4618 sublato
867 4569 930 4618 de
964 4569 1133 4619 medio
1170 4568 1417 4618 colleccio
1455 4567 1646 4618 decime
1684 4570 1737 4626 in
1773 4574 2057 4618 memorato
2094 4582 2251 4631 regno
2288 4568 2597 4632 aliquamdiv
2634 4576 2712 4618 est
2759 4568 3010 4632 neglecta.

622 4651 732 4702 Nos
768 4660 939 4702 autem
975 4653 1173 4702 ardenti
1211 4653 1460 4703 desiderio
1496 4652 1796 4703 hanelantes
1832 4654 1969 4716 quod
2006 4655 2274 4715 negocium
2311 4653 2468 4718 ipsius
2522 4653 2715 4704 decime
2767 4668 3012 4718 processu
