3534 5361
1797 351 1908 414 116

484 553 659 596 ronnas.
830 543 977 601 Item
1024 544 1158 599 .xx‘J
1192 542 1282 598 die
1325 542 1567 618 Aprilis,
1604 542 1812 599 tradidi
1860 543 1975 598 dfio
2020 541 2286 598 Bondoni
2333 540 2552 596 decano
2598 538 2838 597 ecclesie
2883 539 3028 596 Ros-

654 643 924 702 kildensis
974 643 1249 720 quicquid
1297 645 1508 701 habere
1549 652 1852 719 potueram
1897 640 1954 699 in
2021 641 2267 700 ecelesia
2333 638 2714 710 Roskildensi,
2759 638 3028 696 videlicet

655 745 897 819 pignora
942 745 1021 800 ibi
1065 745 1254 820 posita
1298 764 1403 819 pro
1453 762 1600 800 cxx.
1647 743 1853 801 marcis
1898 742 2118 817 argenti
2165 751 2220 798 et
2264 740 2489 816 aliquas
2511 760 2730 816 paucas
2753 740 3029 815 pecunias

654 864 799 920 quas
845 863 1067 901 mecum
1116 854 1345 920 portare
1392 865 1502 901 non
1547 843 1830 901 audebam
1878 854 2114 918 propter
2169 851 2380 901 statum
2440 842 2625 917 patrie
2690 841 3025 899 bellicosum

654 955 709 1000 et
752 943 857 1001 feci
907 944 1194 1017 predictas
1255 945 1492 1020 portari·
1526 945 1599 1000 ad
1669 944 1958 1000 ciuitatem
2032 943 2410 1018 Lybicensem
2479 962 2581 1017 per
2637 943 2823 1017 ipsum
2893 943 3026 998 dfim

653 1045 975 1114 Decanum,
1021 1045 1119 1120 qui
1165 1046 1525 1121 computauit
1564 1045 1694 1101 mihi
1732 1064 1793 1102 se
1828 1043 2166 1119 expendisse
2193 1062 2296 1117 pro
2322 1042 2475 1098 dicto
2501 1043 2741 1117 negocio
2769 1071 2847 1078 —
2875 1041 3026 1115 .xxij.

652 1145 755 1200 sol.
803 1165 932 1202 cum
975 1146 1208 1202 dimidio
1252 1166 1433 1221 gross.
1483 1146 1925 1203 Turonensium.

819 1246 965 1301 Item
1012 1246 1132 1320 xxj.
1177 1248 1268 1304 die
1314 1245 1535 1322 Aprilis
1583 1246 1736 1303 exiui
1785 1246 2075 1303 ciuitatem
2125 1245 2559 1304 Roskildenscm
2599 1246 2788 1302 eundo
2831 1264 3030 1301 uersus

652 1359 861 1403 terram
906 1347 1079 1404 ‚Jucie
1121 1349 1216 1405 ubi
1256 1359 1386 1404 sunt
1431 1367 1501 1403 Ν.
1547 1347 1935 1422 Episcopatus
1981 1357 2037 1401 et
2080 1348 2219 1420 quia
2264 1346 2437 1402 alium
2487 1348 2698 1402 habere
2727 1365 2841 1402 non
2866 1347 3026 1422 potui

652 1552 785 1608 dicti
815 1552 1039 1609 Decani
1085 1551 1182 1627 qui
1231 1569 1452 1608 mecum
1497 1549 1728 1606 fuerunt
1774 1569 1875 1624 per
1919 1548 2011 1605 .ix.
2057 1548 2196 1605 dies.
2245 1548 2391 1604 solui
2430 1567 2533 1623 pro
2560 1548 2789 1604 illorum
2815 1567 3029 1622 expen-

650 1654 727 1711 sis
773 1663 830 1709 et
873 1673 978 1727 pro
1024 1653 1189 1727 equis
1245 1686 1302 1691 —<
1356 1650 1486 1724 .viij.
1532 1650 1636 1708 sol.
1676 1668 1858 1724 gross,
1905 1649 2351 1706 Turonensium.

817 1754 965 1810 Item
1009 1754 1156 1811 solui
1202 1772 1307 1828 pro
1353 1751 1528 1808 naulo
1594 1770 1693 1807 seu
1764 1750 1935 1806 maris
2000 1750 2323 1808 Baltasund
2394 1752 2633 1807 transitu
2698 1784 2751 1789 v-·
2807 1769 2875 1806 .v.
2924 1749 3029 1820 sols.

647 1873 831 1930 gross.
879 1854 1325 1912 Turonensium.

819 1956 965 2013 Item
1013 1955 1144 2012 dedi
1188 1952 1405 2011 famulo
1451 1952 1585 2008 dicti
1632 1951 1729 2007 diii
1775 1952 1998 2009 Dec-ani
2064 1977 2113 1985 ·-
2172 1950 2302 2023 .viij.
2346 1972 2526 2026 gross.
2572 1952 2959 2008 Turonenses.

820 2058 962 2114 Item
1008 2057 1101 2113 die
1144 2055 1345 2113 ultima
1390 2053 1610 2129 Aprilis
1679 2073 1809 2110 cum
1876 2053 2158 2110 uenissem
2204 2053 2274 2108 ad
2322 2054 2615 2109 ciuitatem
2654 2052 3026 2109 Arusiensem

649 2167 705 2215 et
749 2177 863 2215 non
906 2157 1251 2214 inuenissem
1295 2155 1653 2229 Episcopum
1699 2155 1951 2212 eiusdem
1999 2153 2110 2210 loci
2155 2154 2507 2222 Arusiensis‚
2555 2154 2677 2210 misi
2723 2154 2829 2210 sibi
2875 2172 3016 2209 nun-

650 2260 820 2330 cium3
864 2257 1241 2333 significando
1285 2255 1392 2314 sibi
1439 2273 1528 2311 me
1571 2255 1796 2313 uenisse
1843 2256 1917 2311 ad
1955 2254 2257 2312 ecclesiam
2282 2273 2445 2312 suam
2471 2256 2567 2313 ubi
2595 2273 2701 2312 sua
2725 2253 3029 2329 presencia

650 2370 773 2417 erat
816 2359 952 2415 mihi
996 2369 1300 2434 oportuna.
1348 2356 1479 2414 dedi
1523 2355 1736 2412 famulo
1790 2383 1855 2392 ·-
1908 2355 2046 2429 .iiijqr
2071 2374 2252 2430 gross.
2279 2355 2687 2413 'Turonensea

816 2461 966 2518 Item
1016 2459 1110 2533 .vj.
1154 2459 1245 2515 die
1290 2456 1429 2531 Maij
1478 2456 1604 2513 misi
1668 2457 1941 2514 nuncium
2003 2457 2077 2513 ad
2145 2456 2500 2532 Episcopum
2569 2455 3028 2531 Burglanensem

651 2573 709 2619 et
751 2563 824 2619 ad
868 2560 1206 2619 collectores
1249 2559 1480 2627 ibidem,
1530 2557 1907 2632 significando
1953 2558 2165 2614 eisdem
2212 2576 2302 2615 me
2338 2557 2686 2634 applicuisse
2715 2556 2790 2613 ad
2815 2565 3028 2613 terram

648 2663 820 2722 Jucie
866 2671 923 2720 et
965 2670 1030 2718 ut
1072 2668 1343 2736 pararent
1387 2658 1647 2717 raciones
1693 2676 1841 2715 suaS.
1888 2658 2032 2717 solui
2082 2660 2236 2717 dicto
2292 2660 2502 2717 nuncio
2549 2685 2629 2694 --
2672 2657 2805 2733 .viij.
2848 2675 3029 2734 gross,

649 2764 1035 2821 TuronenseS.

815 2864 963 2923 Item
1012 2863 1210 2920 eadem
1260 2862 1351 2917 die
1398 2861 1522 2918 misi
1569 2880 1744 2917 vnum
1788 2862 2060 2921 nuncium
2109 2881 2213 2938 pro
2256 2862 2456 2918 eadem
2530 2880 2707 2918 causa
2769 2863 2844 2918 ad
2887 2861 3027 2936 Epi-

648 2984 887 3039 scopum
933 2965 1347 3038 Vibergensem
1405 2970 1461 3018 et
1504 2963 1634 3018 dedi
1680 2962 1787 3019 sibi
1831 2991 1911 2999 --
1957 2962 2086 3037 .viij.
2131 2981 2310 3037 gros&
2355 2962 2743 3020 TuronenseS.

815 3067 963 3123 Item
1006 3066 1208 3122 eadem
1253 3064 1346 3120 die
1391 3062 1519 3129 misi
1561 3064 1834 3121 nuncium
1881 3083 1985 3138 pro
2053 3065 2252 3120 eadem
2324 3083 2499 3121 causa
2555 3063 2670 3118 dfio
2731 3063 3023 3138 Episcopo

647 3167 883 3243 Ripensi
929 3176 983 3223 et
1029 3166 1158 3223 dedi
1203 3165 1385 3222 eidem
1431 3165 1642 3222 nuncio
1694 3191 1760 3199 -
1813 3163 1929 3237 .xij.
1976 3183 2155 3240 gross
2204 3167 2590 3223 Turonenses.

815 3268 959 3325 Item
1001 3267 1151 3326 solui
1193 3285 1299 3341 pro
1349 3265 1488 3340 .ἰίᾒῆΓ
1513 3264 1760 3341 pellibus
1782 3268 2116 3341 pergameni
2159 3295 2239 3302 —-
2269 3286 2339 3323 .v.
2388 3285 2567 3342 gross.
2609 3261 3025 3323 Turonensesl.

478 3386 651 3425 taison.
820 3369 969 3427 Item
1013 3369 1108 3443 .xj.
1151 3369 1256 3424 die.
1296 3365 1434 3440 Maij
1482 3377 1766 3423 uenerunt
1810 3367 1882 3423 ad
1941 3386 2031 3423 me
2094 3367 2395 3425 Johannes
2459 3367 2530 3422 de
2594 3365 2901 3423 Auriualle
2971 3376 3027 3422 et

651 3471 1002 3528 Ludowicus
1049 3472 1119 3527 de
1161 3469 1392 3525 Vienna
1434 3486 1697 3526 cursores
1755 3468 1851 3524 dni
1914 3469 2090 3526 nostri
2158 3489 2309 3544 pape
2380 3486 2512 3525 cum
2576 3467 2781 3524 litteris
2845 3467 3025 3542 ipsius

648 3572 859 3647 quibus
905 3571 1236 3629 cursoribus
1280 3588 1410 3626 cum
1467 3568 1540 3643 .ij.
1599 3569 1760 3645 equis
1828 3578 1883 3625 et
1948 3589 2062 3628 vno
2126 3569 2360 3628 famulo.
2404 3589 2509 3645 per
2555 3587 2629 3625 .v.
2674 3569 3024 3644 septimanas

646 3672 753 3730 feci
799 3691 1083 3748 expensas
1129 3680 1185 3728 et
1229 3669 1497 3745 amplius.

812 3774 961 3831 Item
1007 3795 1079 3831 .x.
1136 3772 1228 3829 die
1281 3771 1460 3846 Junij.
1526 3770 1673 3828 solui
1740 3791 1844 3846 pro
1911 3770 2000 3844 .vj.
2065 3772 2312 3847 pellibus
2378 3771 2711 3846 pergameni
2765 3805 2817 3810 --
2883 3771 3025 3844 .iiij‘!r
3075 3795 3078 3797 >

644 3893 826 3950 gross.
873 3876 1261 3933 Turonenses.

812 3978 958 4035 Item
1005 3977 1131 4033 misi
1177 3977 1450 4034 nuncium
1497 3976 1567 4030 acl
1615 3974 1974 4033 Collectores
2021 3975 2239 4032 decime
2281 3975 2337 4030 in
2406 3974 2642 4031 ciuitate
2699 3983 2755 4030 et
2811 3972 3024 4030 diocesi

645 4077 1124 4137 Sleswicensibus
1171 4090 1236 4135 ut
1279 4086 1554 4153 pararent
1594 4077 1856 4134 raciones
1901 4079 2184 4134 monendo
2226 4097 2325 4134 eos
2362 4088 2426 4134 ut
2466 4088 2622 4134 certa
2648 4078 2739 4135 die
2763 4079 3024 4135 uenirent

645 4181 716 4236 ad
766 4200 854 4237 me
900 4181 974 4236 ad
1022 4178 1312 4236 ciuitatem
1360 4178 1668 4253 Ripensem
1713 4179 1993 4235 reddituri
2037 4180 2299 4235 raciones
2346 4188 2402 4234 et
2447 4171 2637 4235 nullus
2684 4199 2882 4237 eorum
2920 4180 3019 4237 fuit

641 4281 719 4337 ibi
765 4282 1049 4338 inuentus.
1095 4279 1223 4336 dedi
1270 4279 1424 4336 dicto
1468 4279 1678 4337 nuncio
1722 4306 1803 4315 —·
1848 4279 1979 4354 .viij.
2025 4299 2207 4355 gross.
2252 4280 2640 4338 Turonenses.

809 4383 976 4440 Item.
1026 4381 1117 4438 die
1159 4380 1416 4439 secunda
1478 4379 1640 4455 Julij,
1710 4380 1835 4438 misi
1901 4381 2172 4437 nuncium
2241 4400 2370 4439 cum
2435 4382 2639 4439 litteris
2705 4381 3017 4455 monitorijs

642 4492 844 4540 contra
888 4464 1297 4558 parrochianos
1340 4481 1396 4536 in
1444 4480 1814 4556 Pyllawerim
1859 4482 1914 4538 in
1956 4481 2163 4558 Frysia
2207 4501 2311 4557 pro
2356 4483 2562 4558 legatis
2606 4492 2756 4539 terre
2822 4492 3019 4539 sancte

640 4585 822 4654 factis,
865 4596 921 4640 et
966 4583 1095 4639 dedi
1140 4583 1294 4639 dicto
1340 4582 1553 4640 nuncio
1603 4612 1674 4620 —
1730 4583 1847 4658 .xij.
1893 4602 2075 4658 grOSS.
2120 4583 2508 4641 Turonenses.

712 4693 730 4723 ¹
757 4699 821 4748 H.
842 4708 876 4746 t.
899 4693 1032 4762 [ap.]
1054 4698 1263 4748 Summa
1279 4696 1430 4746 huius
1449 4700 1632 4762 pagine
1653 4722 1715 4729 -
1736 4698 1972 4760 xxxviij.
2000 4699 2094 4747 sol.
2116 4704 2167 4746 et
2185 4698 2273 4760 .xj.
2300 4699 2411 4746 den.
2434 4714 2595 4762 gross.
2627 4697 3016 4747 Turonensium.
