3534 5361
1808 331 1889 393 34

663 523 891 597 argenti
934 523 1010 580 ad
1054 522 1280 598 pondus
1313 521 1385 577 de
1411 518 1736 579 Stocolmis.
1784 522 2174 596 computando
2200 522 2516 597 quamlibet
2542 541 2795 580 marcam
2819 523 3040 599 argenti

663 642 768 697 pro
812 642 884 680 .V.
925 623 1137 681 marcis
1178 641 1359 698 parue
1403 622 1662 695 pecunie.
1710 622 1967 680 assendit
1998 622 2216 680 dictum
2262 632 2564 697 argentum
2610 624 2685 680 ad
2730 643 2844 681 .xx.
2891 644 3042 681 mar-

662 742 779 781 cas·
824 735 881 781 et
925 744 995 781 .v.
1043 744 1174 782 oras
1215 741 1397 799 parue
1441 722 1701 797 pecunie.

661 820 727 893 †¹
831 826 976 882 Item
1021 824 1238 899 xxviij.
1285 824 1500 881 solidos
1540 832 1596 879 et
1642 842 1714 879 Ν.
1760 822 2028 881 denarios
2085 825 2510 882 Turonensium
2576 827 2816 900 argenti.
2887 846 3042 885 com-

660 936 865 1000 putato
906 925 1167 1003 quolibet
1208 925 1393 983 solido
1440 924 1872 982 Turonensium
1918 927 2140 1001 argenti
2186 946 2291 1001 pro
2340 947 2417 983 .x.
2463 927 2578 984 oris
2646 928 2796 985 dicte
2862 947 3042 1002 parue

660 1028 920 1102 pecunie.
966 1028 1281 1087 assendunt
1325 1026 1459 1083 dicti
1507 1025 1721 1100 ‚xxviij.
1765 1026 1931 1084 solidi
1976 1038 2031 1085 et
2077 1047 2146 1085 .v.
2193 1027 2410 1102 denarii
2438 1030 2657 1085 Turon.
2702 1029 2921 1105 argenti
2968 1030 3042 1085 ad

659 1148 856 1187 .xxxv.
900 1148 1127 1189 marcas
1172 1148 1303 1186 cum
1349 1127 1492 1184 dimn.
1538 1138 1594 1184 et
1639 1127 1751 1202 .iiij.
1802 1129 2069 1185 denarios
2113 1149 2294 1205 parue
2339 1139 2585 1187 monete.

658 1232 692 1301 †
759 1223 763 1227 ’
820 1232 969 1287 Item
1019 1230 1140 1288 .xli.
1185 1229 1399 1287 solidos
1444 1238 1500 1285 et
1561 1228 1673 1302 .iiij.
1722 1229 1989 1287 denarios
2031 1231 2455 1306 sterlingorum.
2514 1232 2904 1307 computando
2949 1231 3042 1305 .iij.

657 1332 759 1389 sol.
805 1352 911 1407 pro
955 1352 1030 1391 .x.
1075 1331 1207 1389 oris·
1253 1330 1566 1387 assendunt
1612 1329 1748 1386 dicti
1794 1329 2049 1405 sterlingi
2111 1332 2185 1387 ad
2250 1332 2403 1406 .xvij.
2471 1352 2697 1392 marcas
2761 1333 2812 1408 ,3.
2878 1353 3038 1390 oram

656 1433 791 1489 .xix.
838 1433 1103 1492 denarios
1146 1452 1327 1508 parue
1375 1440 1618 1489 monete.

823 1534 971 1591 Item
1017 1538 1111 1593 .ix.
1156 1534 1260 1592 sol.
1310 1533 1422 1608 .iiij.
1472 1534 1599 1590 den.
1645 1532 1868 1607 argenti
1915 1534 1986 1591 de
2032 1534 2290 1591 Boemia.
2337 1536 2434 1611 qui
2461 1537 2677 1593 denarii
2703 1538 2773 1594 de
2798 1537 3040 1593 Boemia

654 1637 970 1694 assendunt
1013 1637 1086 1693 ad
1131 1636 1226 1710 .xj.
1272 1655 1496 1693 marcas
1541 1654 1611 1692 x.
1653 1653 1786 1691 oras
1831 1634 1967 1708 .viij.
2013 1636 2278 1694 denarios
2323 1657 2506 1713 pai-ue
2550 1651 2795 1695 monete.

823 1738 1063 1798 Summa
1106 1739 1263 1795 valet
1305 1747 1425 1794 tam
1470 1747 1791 1811 argentum,
1822 1736 2193 1795 Turonenses
2237 1739 2479 1813 argenti,
2525 1739 2814 1814 stet-lengi,
2860 1759 3034 1814 quam

655 1838 871 1914 denarij
896 1841 968 1897 de
992 1839 1239 1896 Boemia
1280 1866 1340 1874 ·-
1376 1838 1591 1895 dxxxv.
1636 1856 1862 1894 marcas
1909 1857 2039 1894 cum
2087 1838 2199 1912 .vij.
2249 1840 2502 1898 denariis
2546 1860 2729 1916 parue
2774 1841 3035 1916 pecunie.

824 1941 970 1997 Item
1014 1941 1070 1997 in
1114 1960 1299 2016 parua
1343 1940 1588 2014 pecunia
1635 1968 1713 1975 —-
1762 1938 1994 2011 .clxxvj.
2041 1959 2267 1998 marcas
2313 1941 2386 2015 .ij.
2432 1961 2562 1999 oras
2607 1942 2702 1999 .ix.
2752 1943 3035 2000 denarios·

823 2042 966 2100 Item
1010 2042 1069 2098 in
1113 2061 1300 2117 parua
1341 2040 1591 2116 pecunia
1634 2039 1875 2114 antiqua
1920 2040 2033 2114 xij.
2079 2060 2210 2100 oras
2252 2052 2583 2100 numeratas
2629 2062 2742 2118 que
2801 2045 3035 2101 inuenta

652 2143 881 2201 fuerunt
925 2156 1117 2219 preter
1159 2143 1552 2219 supradictam
1597 2159 1902 2199 summam.

820 2245 1003 2304 Nulla
1043 2264 1269 2304 summa
1311 2264 1418 2320 pro
1464 2263 1710 2301 camera.

453 2429 514 2466 ron.
538 2424 595 2465 16.
615 2439 647 2465 n.
818 2415 913 2471 De
958 2414 1167 2490 quibus
1208 2434 1347 2471 vero
1393 2413 1658 2470 omnibus
1702 2423 1754 2469 et
1801 2413 2045 2488 singulis
2090 2413 2514 2489 suprascriptis.
2559 2416 2757 2473 habuit
2799 2417 2906 2473 dfis
2930 2435 3034 2473 rex

651 2515 965 2591 Norwegie
1009 2516 1392 2573 medietatem.

819 2617 1130 2693 Reliquam
1174 2635 1314 2674 vero
1359 2616 1724 2673 medietatem
1766 2616 2122 2689 retinuimus,
2167 2636 2271 2675 nos
2334 2617 2539 2674 fratres
2605 2617 2893 2676 Iohannes
2960 2619 3028 2675 de

654 2720 892 2791 Serene,
936 2729 992 2777 et
1037 2719 1370 2777 Bernardus
1415 2718 1485 2774 de
1510 2718 1746 2786 Ortolis‚
1780 2738 1885 2793 pro
1931 2738 2162 2776 camera.
2206 2719 2301 2794 dfij
2349 2719 2525 2795 nostrj
2571 2740 2739 2795 pape.
2763 2720 3033 2778 videlicet

650 2842 724 2896 1J
747 2841 974 2880 marcas
1018 2831 1076 2878 et
1118 2821 1412 2878 dimidiam
1457 2820 1683 2876 vnciam
1731 2820 1971 2894 argentj.
2020 2840 2126 2895 pro
2173 2841 2246 2878 .x.
2288 2823 2496 2879 marcis
2541 2832 2598 2877 et
2643 2820 2716 2895 .ij.
2750 2822 2864 2879 oris
2900 2841 3031 2879 cum

652 2924 890 2981 dimidia
930 2922 1082 2980 dicte
1126 2941 1307 2997 parue
1351 2921 1614 2996 pecunie.

821 3024 964 3081 Item
1010 3022 1166 3098 .xiiij.
1212 3022 1316 3080 sol.
1360 3021 1413 3095 ij.
1460 3021 1587 3079 den.
1634 3043 1763 3079 cum
1812 3022 2046 3080 dimidio
2093 3024 2236 3081 Tur.
2282 3023 2522 3099 argentj.
2562 3043 2667 3098 pro
2697 3024 3029 3098 ,xvij.mar-

653 3127 774 3184 chis
819 3145 950 3184 cum
995 3124 1085 3200 .vj.
1132 3124 1245 3183 oris
1288 3134 1346 3181 et
1393 3122 1465 3196 .ij.
1511 3125 1705 3180 denar.
1754 3124 1905 3180 dicte
1949 3143 2130 3198 parue
2174 3127 2434 3199 pecunie.

818 3229 968 3286 Item
1012 3247 1128 3284 .xx.
1173 3226 1276 3285 sol.
1321 3224 1453 3299 .viij.
1499 3225 1626 3281 den.
1671 3225 1923 3300 sterling.
1968 3245 2073 3300 pro
2117 3225 2245 3301 .viiJ.
2297 3247 2469 3284 marc.
2516 3247 2645 3285 curn
2695 3227 2931 3284 dimidia
2976 3238 3033 3285 et

651 3328 786 3403 .xxj.
832 3331 960 3387 den.
1006 3329 1157 3386 dicte
1201 3347 1382 3404 parue
1426 3338 1669 3384 monete.

820 3432 966 3488 Item
1014 3430 1130 3505 .iiij.
1174 3429 1358 3499 solidi,
1406 3439 1462 3485 et
1506 3421 1900 3503 .viij.'denarij
1946 3430 2167 3506 argenti
2216 3430 2286 3487 de
2330 3430 2593 3488 Boemia.
2638 3411 2745 3505 pre
2785 3449 2853 3488 Ν.
2880 3450 3030 3487 mar-

653 3534 790 3592 chis.
836 3542 893 3590 et
937 3531 1029 3607 .vj.
1074 3552 1154 3589 or.
1201 3550 1332 3588 cum
1382 3529 1521 3601 .iiij0.r
1570 3527 1820 3603 denarijs
1864 3549 2046 3605 parue
2089 3541 2317 3588 monete
2364 3531 2605 3589 Swecie.

818 3635 969 3691 Item
1033 3633 1091 3689 in
1157 3651 1342 3709 parua
1408 3629 1656 3706 pecunia
1722 3629 1999 3706 ‚lxxxviij.
2066 3651 2241 3691 marc.
2310 3652 2440 3690 cum
2507 3633 2742 3691 dimidia
2804 3645 2861 3691 et
2918 3634 3029 3710 .iiij.

651 3737 846 3794 denar.
892 3736 1044 3793 dicte
1088 3754 1268 3810 parue
1314 3744 1541 3789 monete
1587 3732 1773 3791 Swec.
1821 3745 2137 3791 numerata.

818 3837 967 3895 Item
1012 3836 1102 3910 .vj.
1148 3857 1228 3893 or.
1273 3835 1508 3909 antique
1554 3843 1781 3890 monete
1828 3834 2069 3893 Swecie.
2113 3855 2228 3911 que
2273 3837 2501 3895 fuerunt
2545 3837 2780 3894 inuente
2837 3848 3031 3913 preter

649 3940 862 3997 dictam
904 3956 1206 3998 summam.

1613 4053 1684 4127 .ij.
1731 4056 1964 4113 marche
2007 4075 2138 4113 cum
2184 4056 2418 4113 dimidia
2462 4058 2630 4115 vncia
2675 4058 2914 4133 argentj.
2955 4059 3029 4115 ad

1696 4141 1923 4212 pondus
1968 4141 2038 4197 de
2084 4141 2414 4200 Stocolmis.

1613 4223 1767 4299 .xiiij.
1814 4225 1917 4283 sol.
1965 4225 2035 4301 .ij.
2082 4227 2208 4282 den.
2254 4226 2406 4283 obol.
2450 4227 2669 4283 Turon.
2715 4228 2953 4303 argentj.

1612 4327 1726 4364 .xx.
1773 4310 1876 4368 sol.
1921 4309 2038 4383 viij.
2087 4311 2214 4368 den.
2258 4311 2682 4386 sterlingorum.

1613 4393 1726 4450 .iiii.
1772 4395 1874 4452 sol.
1920 4395 2033 4469 viij.
2077 4396 2203 4452 den.
2250 4397 2472 4471 argenti
2516 4397 2586 4452 de
2632 4397 2888 4455 Boemia.

1612 4478 1889 4554 .lxxxviij.
1933 4482 2163 4537 marche
2206 4480 2320 4554 .vij.
2369 4481 2534 4538 vncie
2589 4481 2702 4557 .iiij.
2774 4483 2902 4540 den.
2970 4482 3027 4538 in

1694 4583 1881 4639 parua
1924 4566 2191 4641 pecunia.

651 4308 782 4388 [ap.]
1019 4270 1260 4330 Summa
1305 4267 1515 4343 pagine

1128 4375 1233 4430 pro
1283 4373 1514 4410 camera

720 4694 738 4724 ¹
773 4699 928 4748 Dette
965 4697 1118 4758 Κοτε,
1153 4698 1439 4747 saavelsom
1477 4698 1564 4746 det
1598 4696 1863 4751 nedenfor,
1898 4697 2058 4746 findes
2094 4698 2325 4747 saaledes
2361 4700 2376 4746 i
2414 4698 2731 4760 Originalen.
