3534 5361
1784 344 1900 403 114

816 531 965 589 Item
1009 530 1100 588 die
1145 550 1259 588 .xx.
1301 530 1483 607 Junij.
1527 531 1736 590 auditis
1787 530 2116 589 racionibus
2185 530 2557 588 collectorum
2625 528 3016 587 Lundensium

654 651 799 707 quas
841 642 980 690 tunc
1024 630 1264 688 reddere
1309 640 1574 707 poterant
1619 632 1883 689 uiuentes
1927 651 2060 689 nam
2105 632 2282 709 aliqui
2330 651 2403 688 ex
2448 630 2529 688 eis
2575 630 2783 688 mortui
2844 637 3020 699 erant,

640 732 855 806 jterum
901 733 981 789 iui
1027 732 1100 790 ad
1146 732 1511 792 Sialendiam.
1560 732 1832 790 videlicet
1868 733 1941 789 ad
1988 733 2279 791 ciuitatem
2313 732 2752 792 Roskildensem
2800 741 2855 788 et
2878 729 3022 789 solui

653 851 758 908 pro
800 833 975 891 naulo
1020 834 1185 892 nauis
1230 853 1360 891 oum
1405 852 1522 909 qua
1565 834 1805 890 transiui
1853 844 1909 892 et
1953 854 2082 892 eum
2129 854 2247 910 qua
2292 834 2473 891 eciam
2514 826 2834 892 conductor
2865 850 3022 889 meus

652 953 920 992 reuersus
963 934 1069 992 fuit
1113 963 1193 972 —
1238 934 1393 1009 .xiiij.
1437 953 1616 1009 gross.
1664 935 2049 994 Turonenses.

821 1034 968 1091 Item
1012 1035 1142 1091 dedi
1188 1036 1523 1092 conductori
1564 1037 1825 1112 predicto
1881 1066 1941 1073 -
1996 1057 2069 1095 .x.
2114 1056 2296 1111 gross.
2347 1037 2732 1094 TuronenseS.

824 1137 966 1193 Item
1012 1136 1331 1211 significaui
1378 1137 1492 1193 d‘fio
1538 1137 1834 1213 Episcopo
1879 1138 2245 1196 Roskildensi
2288 1138 2387 1213 qui
2433 1138 2488 1193 in
2546 1136 2798 1194 extraria
2862 1142 3024 1210 parte

654 1237 899 1294 diocesis
943 1256 1046 1294 sue
1091 1248 1230 1306 erat,
1287 1258 1374 1294 me
1433 1238 1658 1295 uenisse
1723 1239 1798 1295 ad
1865 1239 2156 1297 ciuitatem
2223 1239 2661 1298 Roskildensem
2732 1236 3026 1313 requirens

655 1357 784 1395 eum
829 1348 892 1394 vt
939 1339 1159 1395 veniret
1204 1339 1503 1395 auditurus
1546 1339 1809 1396 raciones
1876 1340 2247 1398 collectorum
2317 1341 2535 1398 decime
2602 1359 2715 1396 vna
2783 1355 3024 1394 mecum.

655 1439 753 1514 qui
794 1440 1092 1514 respondit
1136 1459 1247 1496 non
1296 1459 1463 1516 posse
1508 1440 1702 1496 uenire
1748 1440 1848 1498 illa
1893 1445 2017 1499 vice
2062 1462 2167 1499 nec
2212 1461 2382 1517 posse
2406 1452 2558 1500 stare
2582 1442 2639 1498 in
2666 1441 2907 1497 ciuitate
2931 1437 3028 1494 illa

657 1551 893 1616 propter
934 1541 1217 1598 defectum
1263 1560 1665 1617 expensarum.
1710 1552 1765 1599 et
1812 1544 1940 1600 dedi
1988 1544 2200 1601 nuncio
2258 1572 2318 1580 -
2372 1543 2463 1617 .vj.
2495 1561 2676 1617 gross.
2724 1543 2943 1598 Turon.

825 1644 971 1700 Item
1015 1643 1217 1718 scripsi
1263 1644 1510 1702 Prelatis
1555 1645 1607 1701 in
1653 1645 1831 1703 Jucia
1887 1657 1942 1704 et
2001 1644 2406 1703 collectoribus
2449 1643 2600 1700 dicte
2646 1643 2868 1700 decime
2911 1641 3026 1717 sig-

656 1746 895 1802 nificans
941 1745 1021 1802 eis
1065 1764 1154 1803 me
1202 1747 1423 1804 uenisse
1466 1765 1572 1821 pro
1618 1747 1773 1804 dicta
1814 1748 2038 1805 decima
2084 1746 2408 1821 colligenda
2454 1755 2510 1802 et
2554 1746 2708 1821 quod
2755 1752 3023 1820 pararent

657 1846 917 1904 raciones
962 1855 1019 1903 et
1060 1847 1107 1905 si
1152 1847 1291 1921 quid
1334 1848 1623 1905 habebant
1664 1849 1906 1906 fideliter
1948 1849 2301 1907 custodirent
2344 1857 2400 1904 et
2423 1847 2554 1903 dedi
2581 1847 2806 1903 duobus
2844 1844 3028 1902 fratri-

658 1949 765 2004 bus
809 1948 1264 2023 predicatoribus
1301 1948 1398 2024 qui
1445 1949 1628 2006 dictas
1670 1950 1893 2009 litteras
1914 1960 2312 2026 portauerunt,
2335 1967 2440 2024 pro
2467 1948 2722 2006 subsidio
2748 1965 3028 2021 expensa-

656 2066 784 2104 rum
829 2067 1063 2105 suarum
1103 2060 1159 2106 et
1203 2069 1308 2124 pro
1351 2050 1542 2106 nau10.
1588 2070 1719 2108 nam
1766 2053 1881 2108 duo
1927 2053 2195 2127 passagia
2240 2049 2413 2108 maris
2456 2051 2746 2107 habebant
2788 2048 3030 2105 transire

658 2177 738 2186 -—
784 2149 895 2225 .xij.
938 2169 1119 2226 gross.
1164 2148 1580 2209 Turonenses¹.

488 2266 660 2308 romain.
830 2251 995 2309 Item.
1038 2251 1164 2309 misi
1209 2252 1481 2310 nuncium
1527 2255 1642 2312 dno
1699 2253 1968 2313 Gerardo
2036 2254 2226 2312 comiti
2293 2273 2398 2328 pro
2464 2272 2668 2310 securo
2736 2251 3028 2308 conductu

662 2349 927 2409 ueniendi
973 2354 1044 2410 ad
1094 2374 1222 2412 eum
1266 2365 1323 2411 et
1366 2355 1439 2412 ad
1484 2363 1694 2412 terram
1738 2356 1781 2414 J
1788 2356 1913 2413 ucie
1959 2375 2131 2431 quam
2177 2356 2300 2429 ipse
2359 2355 2609 2425 tenebat,
2654 2353 2752 2429 qui
2795 2352 3028 2428 quidem

661 2450 872 2510 Comes
914 2467 1046 2529 post
1088 2457 1233 2514 duos
1280 2475 1499 2514 menses
1543 2456 1778 2514 rescribi
1822 2456 1956 2514 fecit
2001 2458 2137 2514 mihi
2180 2476 2284 2532 per
2308 2455 2677 2532 Prepositum
2705 2453 3029 2514 Slesvicen-

659 2573 779 2611 sem
826 2556 982 2630 quod
1025 2564 1263 2632 propter
1305 2566 1517 2615 statum
1561 2558 1745 2634 patrie
1790 2558 2128 2617 bellicosum
2174 2578 2285 2616 non
2323 2566 2552 2633 poterat
2591 2575 2680 2613 me
2706 2556 3031 2614 conducere

661 2675 767 2713 neo
812 2677 1145 2717 assecurare
1186 2669 1242 2717 et
1284 2658 1432 2717 solui
1473 2679 1578 2737 pro
1624 2660 1891 2736 expensis
1933 2659 2128 2719 famuli
2176 2670 2232 2718 et
2275 2679 2380 2736 pro
2426 2657 2706 2735 passagijs
2752 2656 2925 2715 maris
2963 2686 3024 2695 —u

664 2758 780 2833 .xij.
828 2760 932 2817 sol.
977 2761 1397 2836 sterlingorum.

828 2860 975 2918 Item
1022 2862 1131 2918 emi
1178 2862 1267 2935 .vj.
1311 2863 1492 2938 pelles
1534 2864 1867 2939 pergameni
1912 2883 2018 2939 pro
2063 2864 2392 2922 racionibus
2447 2861 2924 2919 transscribendis
2981 2871 3038 2917 et

661 2961 807 3018 solui
852 2990 926 2999 ··-
975 2962 1066 3036 .vj.
1109 2982 1290 3039 gross.
1336 2964 1723 3022 Turonenses.

829 3062 977 3120 Item
1023 3063 1178 3139 .xxij.
1224 3065 1314 3122 die
1353 3065 1496 3140 Julij
1536 3066 1749 3124 auditis
1782 3067 2113 3125 racionibus
2148 3067 2541 3126 Collectorum
2567 3063 3034 3122 Roskildensium

664 3182 810 3239 quas
854 3164 924 3221 de
968 3164 1078 3222 illis
1120 3167 1333 3224 habere
1376 3167 1537 3242 potui
1582 3167 1682 3224 illa
1725 3168 1873 3240 uice,
1919 3188 2048 3225 eum
2094 3168 2444 3226 audiuissem
2491 3167 2625 3223 dfim
2672 3165 3030 3240 Episcopum

662 3265 1068 3325 Reualiensem
1113 3268 1337 3326 uenisse
1383 3269 1620 3341 Lundis‚
1662 3270 1868 3326 iterum
1932 3270 2010 3326 iui
2070 3270 2293 3327 Lundis
2351 3277 2406 3325 et
2472 3267 2618 3326 solui
2687 3285 2793 3341 pro
2862 3264 3034 3322 naulo

664 3386 765 3425 seu
809 3387 916 3443 pro
963 3369 1136 3426 maris
1178 3368 1423 3427 transitu
1478 3404 1537 3441 —f
1593 3370 1661 3445 .ij.
1707 3371 1813 3428 sol.
1860 3372 2247 3447 *grossorum

832 3469 981 3527 Item
1027 3470 1158 3528 dedi
1200 3469 1428 3528 famulis
1472 3471 1569 3547 qui
1606 3492 1694 3529 me
1738 3475 2142 3531 conduxerunt
2193 3508 2258 3514 -·
2313 3470 2626 3547 .xij.grOSS.
2651 3471 3037 3528 TuronenseS.

832 3571 997 3627 Item.
1043 3571 1135 3629 die
1180 3572 1565 3646 .xrflAugusti
1608 3573 1753 3631 solui
1800 3594 1905 3650 pro
1951 3574 2023 3649 .ij.
2071 3575 2197 3631 libr.
2241 3573 2403 3633 *sere
2448 3574 2519 3630 ad
2558 3571 2925 3647 sigillandum
2949 3570 3038 3627 lit-

664 3683 818 3732 teras
878 3703 933 3710 -·
989 3671 1081 3747 .vj.
1123 3691 1306 3748 gross.
1352 3673 1739 3734 Turonenses.

835 3769 1013 3831 ²Item
1058 3773 1148 3831 die
1194 3775 1348 3849 .xvj⁸.⁸
1378 3775 1628 3850 Augusti
1677 3776 1803 3833 misi
1845 3777 2142 3835 Nuneium
2187 3778 2262 3834 ad
2308 3777 2524 3836 curiam
2561 3778 2881 3835 Romanam
2910 3793 3040 3832 cum

664 3876 839 3951 plena
882 3876 1169 3934 relacione
1215 3877 1586 3952 negociorum
1629 3889 1685 3935 et
1729 3878 1876 3936 solui
1921 3879 2026 3935 sibi
2070 3889 2186 3936 tam
2252 3898 2358 3955 pro
2417 3879 2629 3937 salario
2695 3897 2870 3953 quam
2938 3895 3041 3952 pro

667 3977 935 4053 expensis
979 4007 1060 4016 —-
1109 3978 1223 4054 .xij.
1268 3979 1371 4037 sol.
1418 3999 1749 4056 grossorum
1798 3980 2249 4038 Turonensium.

835 4081 981 4138 Item
1050 4080 1248 4155 .xxvij.
1314 4081 1405 4138 die
1470 4081 1826 4158 Septembris
1891 4081 2089 4139 audito
2158 4094 2338 4140 morte
2406 4081 2679 4141 Seelmeri
2765 4079 3040 4154 prepositi

667 4181 1064 4240 Roskildensis
1109 4202 1280 4258 quem
1334 4184 1973 4242 excommunicaueram
2042 4202 2147 4260 pro
2216 4184 2305 4242 .cl.
2371 4203 2542 4241 marc.
2611 4181 2834 4257 argenti
2898 4200 3043 4256 quas

668 4295 969 4360 receperat
1012 4285 1083 4341 de
1126 4286 1375 4360 pecunia
1428 4287 1648 4344 decime
1701 4286 1782 4343 iui
1838 4287 2042 4343 iterum
2109 4284 2399 4343 Roskildis
2470 4284 2544 4341 ad
2613 4282 3042 4359 impediendum

667 4385 1024 4461 sepulturam
1069 4386 1248 4462 ipsius
1293 4388 1476 4444 donec
1523 4388 1593 4443 de
1636 4387 1898 4462 predicta
1958 4405 2181 4443 summa
2243 4388 2514 4443 haberem
2585 4384 2942 4449 caucionern,
2990 4391 3046 4438 et

742 4615 756 4644 ¹
799 4620 861 4668 H.
885 4631 918 4668 t.
966 4615 1100 4682 [ap.]
1140 4620 1349 4668 Summa
1387 4622 1534 4670 huius
1574 4624 1755 4685 pagine
1796 4645 1856 4652 —
1898 4621 1979 4681 .vj.
2019 4621 2110 4668 sol.
2150 4631 2201 4668 ct
2219 4620 2305 4681 jij.
2327 4622 2439 4668 den.
2464 4618 3044 4679 gross.Turonensium.

738 4701 762 4729 ²
800 4705 903 4752 Her
938 4722 992 4753 cr
1027 4707 1040 4753 i
1078 4705 1293 4766 Margen
1329 4707 1441 4753 med
1480 4721 1542 4753 cn
1579 4707 1743 4754 anden
1781 4705 1964 4755 Haand
2003 4704 2217 4767 tilfejet:
2255 4700 2523 4767 „attende.“
