3534 5361
1634 354 1752 412 155

498 537 835 599 apostolicam
870 538 1288 587 benedictionem.
1358 537 1504 586 Licet
1541 538 1628 586 tibi
1668 538 1858 586 dudum
1896 539 2083 587 nostris
2110 537 2242 587 inter
2263 538 2366 588 alia
2391 540 2675 591 dederimus
2700 542 2883 591 litteris

498 624 547 671 in
582 621 839 672 mandatis
875 630 933 672 ut
970 624 1215 672 decimam
1257 631 1384 670 terre
1422 630 1598 671 sancte
1636 622 1863 672 subsidio
1901 624 1952 671 in
2006 622 2229 685 generali
2284 623 2499 674 concilio
2553 624 2881 688 Lugdunensi

497 708 794 770 deputatam
829 708 878 755 in
918 706 1141 756 Islandie
1180 714 1230 754 et
1265 707 1522 770 Feroyum
1552 706 1738 769 jusulis
1776 721 1835 755 ac
1873 705 2212 757 ”Groslandia
2260 722 2457 758 necnon
2511 716 2563 758 et
2612 708 2882 774 Norwegie

499 805 656 853 regno
693 791 964 841 collectam
1000 791 1144 840 nobis
1181 807 1274 855 pro
1313 792 1648 840 subuentione
1686 792 1818 839 dicte
1857 797 1988 838 terre
2024 792 2223 839 mittere
2261 807 2574 855 procurares.
2620 802 2677 843 u't
2713 802 2881 844 tamen

497 874 591 923 hec
628 876 692 923 ad
730 873 968 924 effectum
1005 876 1204 926 facilius
1242 883 1294 924 et
1347 875 1573 924 securius
1620 876 1944 938 perducatur,
1998 876 2245 925 decimam
2298 873 2460 938 ipsam
2515 877 2711 927 dilectis
2761 880 2882 941 filijs

496 959 755 1023 Raynutio
790 960 1022 1021 Runsini,
1059 959 1366 1009 Bartholino
1407 958 1572 1018 Corsi,
1607 959 1865 1022 Raynutio
1902 958 2148 1020 Venture,
2178 970 2229 1009 et
2263 960 2463 1011 Jacobo
2497 962 2782 1013 Taditionis
2821 966 2883 1013 de

497 1040 901 1109 Sohorciasupi¹
940 1059 1135 1093 necnon
1171 1044 1494 1093 Thedaldino
1544 1045 1679 1092 dicto
1725 1043 2146 1106 Mangialmachi,
2197 1047 2406 1097 Donato
2457 1047 2733 1108 Lamberti‚
2787 1049 2883 1099 Or-

496 1127 652 1177 lando
690 1128 1010 1190 Cianchocti‚
1049 1137 1099 1176 et
1133 1128 1340 1177 Masseo
1377 1128 1723 1191 Roscionpelli
1763 1130 1826 1177 de
1864 1128 2172 1179 Gniditionis
2228 1131 2289 1178 de
2348 1132 2490 1181 Luca
2550 1133 2882 1182 societatibus

456 1213 457 1216 ’
499 1212 696 1262 ciuibus
734 1220 784 1262 et
815 1214 1184 1262 mercatoribus
1209 1213 1446 1272 LucaniS,
1471 1213 1531 1261 de
1563 1227 1779 1275 quorum
1816 1213 2269 1279 circumspectione
2306 1231 2367 1264 ac
2403 1216 2645 1265 fidelitate
2681 1217 2883 1280 plenam

498 1297 551 1346 in
588 1298 793 1352 domino
837 1299 1070 1347 fidutiam
1123 1297 1408 1347 obtinemus
1463 1296 1854 1346 deliber-animus
1909 1299 2175 1361 assignari.
2271 1297 2527 1359 Quocirca
2579 1300 2882 1350 fraternitati

469 1389 585 1445 ‚tue
622 1397 713 1445 per
746 1383 1034 1447 apostolica
1071 1384 1264 1446 scripta
1299 1383 1600 1431 mandamus
1637 1382 1872 1444 quatinus
1909 1383 2198 1433 huiusmodi
2238 1384 2485 1433 decimam
2531 1385 2583 1433 in
2630 1400 2884 1448 regnoac

501 1466 614 1529 alijs
650 1465 777 1516 locis
813 1467 1052 1531 predictis
1090 1468 1360 1516 collectam
1398 1475 1450 1515 et
1485 1468 1638 1515 etiam
1675 1466 2035 1529 colligendam,
2055 1483 2170 1516 cnm
2195 1468 2414 1517 collecta
2450 1469 2604 1518 suerit
2637 1471 2704 1518 ad
2740 1470 2881 1518 cuius

498 1551 853 1600 collectionem
890 1566 980 1614 per
1015 1559 1063 1601 te
1102 1552 1359 1600 sollertem
1397 1551 1713 1613 diligentiam
1749 1551 1989 1600 uolumus
2025 1553 2270 1614 adhiberi,
2310 1553 2545 1617 predictis
2592 1554 2884 1603 mercatori-

497 1635 590 1683 bus
629 1644 720 1685 aut
752 1635 1003 1698 aliquibus
1041 1652 1106 1684 ex
1143 1638 1215 1685 eis
1252 1636 1540 1684 huiusmodi
1578 1636 1775 1700 litteras
1811 1633 2171 1686 deferentibus,
2212 1653 2384 1687 coram
2438 1639 2597 1686 tribus
2633 1637 2724 1687 aut
2760 1639 2884 1687 duo-

497 1721 590 1769 bus
627 1720 896 1784 episcopiS‚
936 1720 1018 1768 uel
1054 1720 1170 1781 alijs
1207 1720 1537 1768 ecclesiarum
1574 1721 1783 1784 prelatis
1809 1720 1919 1768 sine
1945 1720 2281 1771 diminutione
2305 1738 2365 1771 ac
2392 1723 2639 1771 dilatione
2658 1722 2885 1784 qualibet

499 1806 703 1855 studeas
739 1806 1001 1869 assignare
1038 1820 1128 1869 per
1163 1805 1370 1853 eosdem
1407 1814 1718 1853 mercatores
1755 1804 1901 1852 nobis
1933 1805 2022 1865 uel
2059 1805 2271 1854 ecclesie
2307 1806 2538 1856 Romane
2573 1806 2628 1854 in
2651 1805 2883 1854 Romana

499 1890 638 1938 curia
675 1890 756 1940 uel
792 1889 912 1939 alibi
950 1897 1101 1953 prout
1136 1889 1282 1939 nobis
1319 1897 1409 1937 aut
1445 1889 1606 1937 eidem
1644 1889 1857 1938 ecclesie
1893 1889 2143 1952 placuerit
2178 1906 2269 1953 pro
2306 1890 2463 1953 ipsius
2500 1899 2631 1939 terre
2657 1889 2883 1939 subsidio

498 1974 853 2023 exhibendam.
941 1974 1021 2023 Tu
1083 1982 1255 2023 autem
1315 1976 1377 2023 de
1430 1974 1772 2036 assignatione
1827 1965 2112 2023 huiusmodi
2169 1975 2360 2023 decime
2419 1975 2528 2023 fieri
2582 1972 2743 2023 facias
2781 1974 2883 2023 duo

499 2059 704 2120 publica
739 2059 921 2108 similia
949 2059 1310 2122 jnstrumenta‚
1347 2073 1562 2121 quorum
1601 2073 1756 2106 uuum
1793 2073 1946 2121 penes
1981 2066 2028 2105 te
2066 2066 2342 2118 remaneat,
2380 2060 2586 2108 aliudue
2640 2060 2705 2108 ad
2759 2074 2882 2123 apo·

499 2144 735 2193 stolicam
769 2145 941 2193 sedem
978 2145 1167 2205 mittaS,
1205 2143 1540 2207 rescripturus
1596 2142 1744 2191 nobis
1798 2141 2015 2191 fideliter
2073 2157 2161 2204 per
2217 2151 2329 2191 tuas
2389 2144 2603 2203 littere-8,
2659 2143 2781 2206 quid
2834 2152 2885 2192 et

500 2235 762 2292 quantum,
801 2244 974 2278 coram
1006 2228 1203 2291 ⁴quibus
1257 2235 1307 2276 et
1366 2229 1568 2291 quando
1602 2228 1994 2276 *mercatoribus
2054 2227 2176 2291 ipsis
2237 2228 2444 2277 duxeris
2498 2227 2882 2289 assignandum.

497 2312 694 2361 Datum
730 2313 867 2375 apud
901 2303 1321 2361 Vrbemueterem
1357 2312 1469 2362 idus
1505 2311 1631 2374 Maij
1670 2312 1999 2375 pontificatus
2037 2312 2199 2361 nostri
2234 2326 2368 2385 anno
2406 2314 2646 2362 secundo,

1219 2392 1350 2437 (Art-h,
1382 2395 1462 2432 γει.
1494 2396 1583 2441 neg.
1615 2396 1720 2434 Mart.
1752 2396 1810 2432 lv.
1844 2406 1904 2435 an.
1933 2395 1975 2433 ll.
2009 2406 2069 2443 ep.
2097 2394 2177 2437 30).

1253 2620 1350 2677 30.
1444 2619 1620 2676 1282.
1715 2621 1837 2676 lste
1882 2618 2157 2678 October.

638 2734 890 2784 Martinus
927 2735 1195 2800 episcopus
1237 2752 1274 2784 s.
1318 2752 1355 2783 s.
1395 2735 1442 2782 d.
1480 2729 1756 2783 venerabili
1794 2732 1934 2782 fratri
1976 2772 1985 2783 .
2027 2773 2037 2783 .
2077 2735 2315 2799 episcopo
2354 2735 2622 2786 Arusiensi
2670 2736 2889 2785 salutem

503 2820 590 2867 8⁶0.
663 2817 820 2868 Terre
867 2828 1041 2869 sancte
1079 2820 1341 2884 negotium
1379 2821 1514 2883 quod
1551 2818 1842 2882 specialiter
1877 2818 2061 2867 insidet
2095 2820 2234 2868 cordi
2274 2828 2450 2869 nostro
2488 2821 2750 2871 fauoribus
2772 2836 2889 2884 pro-

503 2912 770 2967 sequentes
806 2905 1063 2965 uberibus,
1105 2912 1154 2953 et
1190 2906 1255 2953 ad
1295 2906 1522 2954 uotiuam
1561 2912 1612 2953 et
1647 2904 1864 2952 celerem
1902 2905 2268 2967 promotionem
2306 2905 2441 2954 illius
2480 2906 2613 2956 uotis
2667 2907 2889 2955 ardenti-

502 2990 596 3038 bus
634 2989 913 3050 anelanteS,
951 2989 1169 3038 libenter
1203 2991 1292 3039 illa
1328 2999 1412 3038 tue
1467 2989 1754 3037 discretioni
1810 2989 2191 3041 committimus,
2252 3004 2346 3051 que
2401 2990 2665 3051 negotium
2722 2991 2887 3053 ipsum

503 3074 798 3137 contingere
836 3075 1144 3123 dinoscatur.
1220 3075 1493 3139 Speramus
1532 3074 1719 3123 etenim
1755 3072 1979 3133 firmiter,
2015 3072 2150 3134 quod
2186 3072 2321 3120 circa
2340 3073 2692 3122 executionem
2713 3088 2887 3123 eorum

505 3165 649 3207 tanto
687 3158 943 3208 sollertius
980 3166 1064 3207 tue
1103 3159 1363 3220 diligentie
1399 3159 1621 3206 studium
1659 3158 1910 3219 nigilabit‚
1947 3165 2137 3219 quanto
2171 3159 2471 3220 propensius
2509 3167 2557 3206 te
2605 3159 2888 3220 predictum

506 3244 767 3306 negotium
805 3243 1014 3306 diligere
1051 3243 1318 3304 credimus,
1356 3255 1405 3292 et
1443 3244 1507 3291 ad
1544 3243 1669 3290 illud
1707 3240 1924 3290 feliciter
1959 3242 2365 3304 pronioueudum
2400 3242 2545 3304 dirigi
2585 3241 2888 3290 desiderium

504 3329 673 3378 cordis
709 3329 800 3378 tui.
873 3327 1007 3379 Cum
1041 3328 1210 3390 itaque
1247 3329 1378 3376 sicut
1414 3327 1699 3392 accepimus
1736 3326 1985 3374 nonnulla
2021 3327 2082 3374 de
2120 3325 2316 3374 decima
2353 3341 2412 3374 ae
2449 3325 2565 3386 alijs
2612 3325 2889 3373 obuentio-

502 3413 649 3461 nibus
685 3412 737 3461 in
769 3412 925 3462 Datie
961 3420 1012 3461 et
1047 3411 1219 3462 Suetie
1257 3411 1424 3474 reguis
1464 3419 1594 3460 terre
1632 3420 1807 3460 sancte
1845 3410 2070 3459 subsidio
2119 3411 2375 3474 deputatis
2424 3410 2642 3459 collecta
2686 3407 2889 3472 suerint,

503 3512 598 3560 que
634 3497 907 3547 venerabili
944 3496 1088 3546 fratri
1124 3506 1301 3546 nostro
1347 3498 1632 3545 Bertrando
1686 3495 2069 3558 archiepiscopo
2120 3495 2412 3544 Arelatensi
2467 3495 2588 3545 olim
2643 3495 2888 3544 canonico

502 3582 739 3631 Remensi
778 3589 829 3630 et
863 3589 985 3630 tunc
1021 3597 1175 3645 super
1208 3582 1500 3645 colligenda
1537 3581 1586 3629 in
1623 3581 1722 3630 illis
1758 3581 1988 3645 partibus
2027 3581 2253 3643 predicta
2290 3582 2486 3630 decima
2510 3579 2762 3629 insistenti
2787 3594 2887 3628 non

503 3665 689 3715 suerint
725 3660 1057 3730 aliquatenus
1081 3667 1357 3729 assignata,
1395 3674 1446 3714 et
1492 3665 1662 3728 aliqua
1699 3666 1851 3714 etiam
1889 3674 2004 3729 post
2040 3665 2264 3714 eiusdem
2305 3666 2571 3715 Bertrandi
2618 3666 2680 3713 de
2733 3665 2889 3728 parti-

502 3752 596 3801 bus
632 3752 755 3815 ipsis
792 3766 1048 3800 recessum
1084 3751 1418 3799 remanserint
1453 3751 1575 3799 inibi
1614 3751 1919 3812 colligenda.
1958 3765 2049 3798 nos
2087 3751 2378 3799 huiusmodi
2415 3750 2750 3813 augmentari,
2789 3765 2891 3798 non

503 3834 730 3895 diminui,
769 3835 1050 3885 subsidium
1086 3836 1370 3899 cupienteS,
1410 3851 1468 3883 ac
1507 3837 1567 3883 de
1605 3843 1694 3883 tua
1732 3833 1981 3896 probitate
2017 3835 2285 3900 multiplici
2323 3848 2375 3884 et
2408 3836 2654 3885 fidelitate
2674 3835 2890 3895 probata

501 3921 703 3984 plenam
740 3920 792 3969 in
829 3921 1036 3969 domino
1072 3921 1310 3969 fiduciam
1349 3920 1652 3981 obtinenteS,
1690 3918 1969 3968 faternitati
2009 3928 2093 3967 tue
2123 3936 2213 3984 per
2236 3921 2521 3984 apostolica
2540 3920 2730 3984 scripta
2747 3935 2889 3968 man-

504 4006 698 4062 damus,
738 4022 799 4056 ac
835 4006 885 4054 in
921 4005 1271 4054 remissionem
1309 4004 1617 4068 iniungimus
1657 4012 1998 4068 peccatorum,
2036 4015 2287 4066 quatenus
2324 4022 2416 4070 pro
2453 4014 2632 4055 nostra
2666 4013 2716 4052 et
2765 4020 2889 4068 apo-

503 4091 681 4141 stolice
719 4093 851 4140 sedis
886 4092 1173 4139 reuerentia
1207 4090 1498 4139 huiusmodi
1537 4089 1797 4152 negotium
1835 4089 2091 4140 fel-uenter
2125 4106 2388 4140 assumens
2426 4091 2645 4140 collecta
2680 4097 2731 4137 et
2784 4090 2890 4139 col-

503 4176 712 4241 ligenda
745 4177 1041 4227 huiusmodi
1079 4178 1285 4241 exigere
1322 4191 1382 4224 ac
1419 4176 1640 4240 recipere
1678 4176 1987 4225 auctoritate
2041 4185 2232 4236 nostra.
2287 4176 2435 4240 lapsu
2488 4176 2732 4239 temporis
2786 4190 2888 4224 non

505 4263 757 4326 obstante,
791 4261 997 4312 nomine
1034 4268 1166 4311 terre
1201 4268 1482 4311 memorate
1520 4277 1775 4324 procures,
1814 4244 2117 4312 collectores
2155 4262 2409 4325 quoslibet
2445 4261 2511 4309 ad
2564 4261 2742 4309 eadem
2785 4260 2888 4309 col·

502 4347 637 4395 lecta
674 4347 763 4395 tibi
801 4346 1001 4410 integre
1037 4347 1350 4410 assignanda
1386 4355 1437 4395 et
1473 4347 1728 4396 debitores
1764 4346 1923 4411 ipsius
1961 4349 2155 4396 decime
2191 4362 2293 4394 uon
2340 4347 2507 4395 solute
2555 4347 2622 4394 ad
2676 4345 2890 4394 solutio-

504 4447 619 4481 nem
655 4430 933 4496 plenariam
970 4432 1313 4481 exhibendam
1335 4446 1425 4495 per
1449 4445 1714 4480 censuram
1739 4431 2138 4481 ecclesiasticam
2165 4431 2535 4493 compellend0‚
2556 4445 2616 4479 ac
2635 4429 2753 4479 illos
2774 4439 2891 4494 post

501 4516 755 4579 integram
789 4516 1099 4566 solutionem
1135 4515 1293 4579 ipsius
1331 4515 1523 4565 decime
1559 4517 1624 4564 ab
1660 4515 2206 4566 excommunicationis
2253 4516 2565 4564 absoluendo
2618 4515 2888 4576 sententia,

503 4615 655 4664 quam
691 4606 899 4665 propter
933 4615 1045 4648 eam
1082 4600 1287 4649 statutis
1325 4599 1639 4664 temporibus
1674 4616 1776 4650 non
1813 4601 2037 4649 solutam
2072 4601 2339 4649 incurrisse
2365 4607 2663 4659 noscuntur,
2690 4614 2889 4648 necnon

556 4697 567 4719 ¹
600 4699 734 4737 Kunde
761 4711 879 4747 ogsaa
908 4700 1015 4739 lases
1043 4693 1370 4748 „Sohoreialupi.“
