3534 5361
1777 339 1892 397 128

650 525 839 601 pensis
882 533 1374 600 recuperanerunt
1416 534 1532 582 tres
1578 533 1633 582 et
1678 533 1948 600 quartum
1994 525 2364 600 perdiderunt
2431 525 2529 601 qui
2596 524 2765 582 vendi
2831 524 3020 600 potuit

639 625 850 702 ‚Lybek
895 645 998 700 pro
1042 653 1125 662 —
1172 644 1326 682 xxx.
1372 624 1475 684 sol.
1517 644 1700 701 grues·
1747 622 2192 684 Turonensium.

814 727 959 783 Item
1006 725 1379 802 perdiderunt
1422 727 1699 801 pecunias
1742 746 1879 784 suas
1922 736 1979 784 et
2023 745 2180 784 meas
2222 746 2367 802 quas
2413 727 2494 784 eis
2536 726 2881 802 reliqueram
2906 745 3013 802 pro

649 828 916 903 expensis
960 826 1078 885 suis
1123 828 1197 883 ad
1243 827 1499 885 valorem
1560 857 1602 862 —
1672 826 1890 902 .xxxiij.
1935 826 2039 884 sol.
2083 846 2265 902 gross.
2309 828 2760 886 Turonensium.

812 929 958 985 Item
1004 929 1377 1002 perdiderunt
1420 929 1476 984 in
1524 928 1679 987 dicto
1724 929 1910 1004 spolio
1955 948 2025 985 .v.
2069 927 2247 1000 frena,
2312 948 2483 986 vnam
2553 929 2771 997 sellam,
2841 947 3014 984 vnum

647 1028 995 1101 linthiamen‚
1041 1029 1325 1100 camisias,
1368 1027 1585 1104 caligas
1632 1040 1688 1087 et
1731 1031 1877 1088 alias
1918 1050 2009 1088 res
2054 1030 2312 1088 diuersas
2355 1030 2429 1086 ad
2494 1029 2752 1086 valorem
2822 1057 2900 1066 —
2947 1050 3021 1086 .v.

645 1129 746 1186 sol.
791 1148 971 1204 gross.
1016 1130 1459 1186 Turonensium.

814 1231 956 1287 Item
1004 1231 1377 1306 perdiderunt
1422 1251 1704 1307 expensas
1748 1232 1805 1288 in
1851 1233 1984 1291 naui
2029 1252 2134 1308 pro
2179 1233 2389 1308 quibus
2432 1232 2729 1290 soluerunt
2753 1252 2865 1288 vna
2889 1250 3018 1288 cum

649 1330 863 1406 pabulo
908 1350 1187 1407 equorum
1236 1361 1307 1368 -
1358 1331 1469 1405 .vij.
1511 1333 1615 1390 sol.
1664 1353 1796 1390 cum
1843 1334 2077 1391 dimidio
2122 1352 2300 1409 gross.
2352 1333 2794 1390 Turonensium.

814 1432 962 1489 Item
1007 1432 1237 1490 fuerunt
1279 1433 1523 1491 clericus
1569 1444 1625 1491 et
1666 1433 1914 1494 famulus
1962 1436 2259 1493 memorati
2327 1434 2513 1492 coacti
2579 1453 2685 1509 per
2754 1433 3018 1491 consules

648 1533 895 1592 ciuitatis
941 1534 1397 1609 Hamburgensis
1442 1535 1515 1591 ad
1561 1535 1902 1593 soluendum
1950 1549 2125 1594 naute
2170 1556 2274 1612 pro
2340 1535 2516 1592 naulo
2581 1554 2687 1592 suo
2754 1534 3019 1609 quamuis

648 1655 759 1692 non
804 1635 1063 1692 duxisset
1103 1655 1201 1692 eos
1242 1637 1350 1693 nisi
1395 1637 1467 1693 ad
1516 1636 1606 1693 ,ix.
1650 1637 1910 1709 miliaria,
1953 1638 2222 1695 videlicet
2267 1638 2342 1694 ad
2389 1648 2616 1712 portum
2685 1636 2854 1696 Stera
2920 1635 3015 1691 ubi

645 1736 875 1794 fuerunt
918 1737 1147 1811 spoliati
1196 1765 1275 1774 -·
1320 1737 1451 1812 xiij.
1496 1739 1599 1796 sol.
1648 1758 1780 1796 cum
1824 1740 2060 1797 dimidio
2103 1759 2283 1814 gross.
2333 1739 2778 1796 Turonensium.

815 1840 962 1896 Item
1008 1838 1307 1895 soluerunt
1352 1839 1486 1897 dicti
1533 1840 1776 1898 clericus
1799 1850 1855 1897 et
1877 1840 2123 1900 famulus
2149 1841 2553 1917 prosequendo
2586 1839 3015 1898 restitucionem

445 1906 624 2046 Ξέἔ
645 1959 922 2016 equorum
969 1950 1024 1996 et
1066 1958 1257 1997 rerum
1303 1940 1658 2015 perditorum
1713 1969 1778 1977 —
1832 1962 1907 1999 .x.
1953 1943 2057 2000 sol.
2102 1962 2280 2019 gross.
2327 1936 2802 2000 Turonensium.¹

448 2430 646 2475 ‹unsa-,2
1072 2403 1235 2477 Hec
1297 2413 1461 2477 sunt
1526 2402 1879 2478 beneficia
1949 2429 2091 2504 quc
2158 2412 2597 2477 vacauerunt

648 2549 710 2616 in
764 2550 1025 2617 ciuitate
1090 2557 1156 2616 et
1233 2547 1485 2616 diocesi
1562 2546 2040 2640 Vpsalensibus
2120 2570 2239 2641 per
2321 2547 2683 2631 Biennium„
2738 2564 3013 2636 quorum

647 2662 896 2735 fructus
950 2665 1135 2757 primi
1193 2668 1340 2735 anni
1396 2664 1657 2736 fuerunt
1709 2688 1828 2759 per
1894 2664 2119 2736 sedem
2187 2663 2617 2760 apostolicam
2694 2663 3017 2732 reseruati

1440 2795 1505 2854 et
1556 2784 1752 2854 soluti
1808 2795 1879 2856 vt
1943 2790 2255 2879 sequitur.

816 2957 1013 3014 Primo
1058 2956 1114 3012 in
1161 2957 1406 3014 ecclesia
1450 2957 1781 3031 Vpsalensi,
1826 2958 2059 3016 vacauit

652 3160 1195 3237 Archidyaccnatus
1220 3171 1272 3217 et
1298 3159 1471 3218 soluit
1492 3179 1597 3235 pro
1620 3160 1789 3218 dictis
1809 3160 2088 3219 fructibus
2131 3181 2284 3219 .cxx.
2310 3179 2486 3217 marc.
2516 3158 2644 3215 den.
2672 3156 3016 3216 Sueuorum.

649 3364 798 3421 Item
842 3364 1136 3439 prebenda
1178 3362 1516 3429 Karsser(?)
1627 3406 2152 3421 ......
2155 3364 2234 3421 lx.
2279 3382 2456 3420 marc.
2501 3361 2629 3418 den.

650 3465 795 3522 Item
854 3463 1150 3540 prebenda
1215 3464 1311 3520 dni
1376 3464 1419 3521 J
1422 3464 1662 3522 ohannis
1725 3465 1796 3521 de
1866 3475 2068 3523 sancta

820 3566 1105 3624 Trinitate
1228 3607 2158 3623 ..........
2161 3565 2346 3640 xliiijqr
2397 3584 2573 3622 marc.
2622 3563 2748 3620 den.

650 3668 958 3725 Prebenda
1000 3667 1267 3742 Magistri
1314 3667 1617 3742 Laurencij
1662 3668 1835 3725 Pauli
1949 3711 1961 3724 .
2050 3711 2062 3723 .
2151 3667 2242 3724 .lx.
2289 3685 2464 3724 marc.

650 3769 956 3828 Prebenda
999 3769 1263 3844 Magistri
1308 3768 1521 3826 Arneri
1630 3812 1643 3825 .
1726 3814 1739 3826 .
1838 3812 1849 3825 .
1943 3811 1955 3823 .
2047 3811 2059 3824 .
2149 3769 2242 3827 ,lx.
2289 3787 2460 3826 marc.

650 3974 799 4030 Item
841 3972 1088 4031 ecclesia
1131 3972 1523 4029 Thorstunum
1640 4013 2179 4030 ......
2182 3974 2345 4029 xxx².⁸
2375 3990 2549 4028 marc.
2591 3970 2720 4026 den.

652 4075 943 4150 Sutherby
987 4093 1116 4132 cum
1164 4073 1388 4149 capella
1533 4116 2179 4131 .......
2184 4093 2323 4132 xxv.
2366 4093 2543 4130 marc.

652 4176 871 4234 Brinna
1012 4217 2181 4234 ............
2185 4196 2282 4235 xv.
2328 4194 2507 4232 marc.

650 4276 1111 4350 Wilabierghum
1220 4319 2183 4336 ..........
2189 4278 2348 4352 xviij.
2393 4296 2570 4334 marc.

724 4438 741 4465 ¹
777 4441 847 4495 Η.
885 4450 920 4489 t.
961 4437 1084 4506 [ap]
1125 4445 1334 4494 Summa
1367 4443 1517 4491 huius
1553 4445 1740 4507 pagine
1781 4467 1837 4475 --
1878 4459 1938 4491 .v.
1977 4444 2088 4492 libr.
2127 4452 2179 4493 et
2204 4443 2308 4507 .iiij.
2329 4444 2421 4493 sol.
2442 4458 2604 4506 gross.
2630 4439 3022 4490 Turonensium.

711 4523 736 4552 ²
771 4527 919 4576 Hvad
955 4526 1176 4576 herefter
1228 4527 1408 4591 felger,
1462 4529 1621 4576 findes
1676 4529 1879 4577 skrevet
1921 4544 2021 4592 paa
2055 4536 2132 4578 tre
2167 4529 2296 4588 lese,
2333 4528 2560 4590 indlagte
2595 4527 2727 4579 Ark,
2767 4522 2824 4573 af
2854 4522 3024 4571 hvilke

787 4616 848 4662 de
887 4622 962 4661 tre
997 4611 1155 4663 ferste
1174 4614 1336 4663 Blade
1372 4628 1456 4663 ere
1491 4613 1734 4663 folierede
1771 4629 1880 4662 som
1916 4611 2003 4662 fol.
2042 4617 2120 4673 89,
2160 4617 2224 4662 90
2260 4628 2330 4676 og
2366 4619 2445 4662 91.
2515 4613 2597 4661 De
2616 4620 2694 4661 tre
2712 4609 2885 4670 evrige
2905 4608 3024 4656 ube-

787 4698 1000 4747 skrevne
1034 4698 1196 4748 Blade
1233 4713 1315 4747 ere
1351 4698 1395 4760 ej
1434 4697 1695 4749 folierede.
1769 4698 1922 4748 Siden
1957 4698 2046 4748 fol.
2086 4703 2165 4746 89.
2205 4714 2250 4749 a.
2289 4713 2346 4747 er
2380 4699 2707 4748 ubeskreven.
