3534 5361
1730 355 1850 422 170

594 544 746 608 legijs
783 546 1119 595 conuentibus
1156 552 1209 594 et
1243 545 1359 607 alijs
1394 545 1623 609 personis
1660 545 2017 597 ecclesiasticis
2054 554 2158 597 tam
2196 548 2507 598 secularibus
2545 543 2697 612 qua‘m
2735 550 2982 613 regulari-

595 631 706 691 bus,
742 631 991 693 exemptis
1040 639 1091 679 et
1142 645 1243 679 non
1298 631 1549 695 exemptis
1603 631 1838 680 ordinum
1893 646 2339 695 quorumcumque,
2396 634 2659 683 domorum
2713 634 2981 700 hospitalis

595 716 757 764 sancti
794 714 1047 764 Jobannis
1093 714 1518 765 Jerosolomitani
1580 722 1754 763 sancte
1804 714 1969 764 Maric
2021 715 2456 766 Theutonicorum
2492 726 2545 767 et
2580 718 2981 778 Calatrauensis,

594 800 871 860 magistris,
908 799 1178 861 prioribus,
1216 798 1600 863 preceptoribus
1636 801 1688 848 in
1722 799 1933 849 ciuitate
1962 807 2014 850 et
2037 799 2229 849 diocesi
2255 800 2666 852 Nidrosiensibus
2692 803 2982 852 constitutis

529 871 535 876 ”
593 882 812 932 salutem
848 891 899 932 et
934 890 1100 947 apost.
1126 883 1379 932 benedict.
1450 883 1504 932 Si
1541 884 1628 933 uni
1665 885 1893 933 membro
1928 883 2144 948 patienti
2179 886 2558 950 compatiantur
2592 888 2710 944 alia,
2746 886 2980 951 profecto

592 968 808 1033 patienti
844 968 998 1032 capiti
1035 975 1113 1017 est
1149 984 1179 1016 a
1213 967 1452 1017 membris
1488 969 1897 1032 compatiendum
1934 967 2135 1028 fortine,
2174 977 2225 1018 et
2261 972 2422 1020 eidem
2460 972 2741 1021 subsidium
2779 987 2983 1035 promp-

593 1054 693 1102 tius
728 1052 1134 1101 ministrandum.
1222 1052 1357 1101 Sane
1411 1060 1636 1102 uestram
1690 1053 1943 1102 credimus
1978 1053 2302 1116 prudentiam
2336 1069 2437 1104 non
2472 1056 2633 1105 latere
2670 1071 2821 1119 quam
2858 1058 2981 1105 dure

592 1152 842 1201 quamque
877 1138 1165 1187 immaniter
1214 1138 1279 1186 ab
1331 1136 1567 1186 hereticis
1621 1144 1673 1185 et
1725 1136 2015 1186 infidelibus
2068 1137 2298 1202 plurimis
2358 1149 2691 1189 sacrosancta
2746 1141 2982 1190 Romana

591 1222 808 1271 ecclesia
842 1232 1005 1271 mater
1040 1230 1218 1272 nostra
1255 1237 1352 1285 que
1386 1222 1603 1271 aliarum
1638 1221 1968 1271 ecclesiarum
2006 1231 2162 1286 caput
2197 1237 2307 1272 esse
2344 1224 2627 1274 dinoscitur
2670 1227 2722 1274 in
2769 1226 2980 1274 diuersis

589 1307 738 1356 Italic
774 1306 1004 1371 partibus
1040 1308 1354 1357 molestetur.
1446 1304 1666 1368 Ideoque
1718 1321 1813 1355 nos
1867 1309 2111 1356 attentius
2165 1310 2451 1370 cogitantes
2504 1311 2639 1373 quod
2686 1326 2765 1359 rcs
2803 1318 2982 1359 nostra

591 1393 710 1440 dum
748 1407 842 1458 sua
879 1398 1132 1441 tractatur
1167 1393 1351 1454 agitur,
1388 1390 1707 1440 necessitatis
1742 1391 1901 1455 ipsius
1938 1393 2003 1440 ad
2053 1407 2177 1455 quas
2229 1395 2623 1458 supportandaS,
2660 1409 2751 1459 per
2786 1410 2839 1443 se
2877 1410 2978 1443 non

590 1476 781 1525 suffieit
814 1476 962 1525 nobis
998 1476 1301 1525 fiducialiter
1335 1475 1650 1540 prouidimus
1687 1478 2034 1539 exponendas.
2106 1476 2381 1539 Sperantes
2422 1478 2630 1527 indubie
2665 1482 2802 1542 quod
2838 1479 2981 1528 uelut

590 1561 763 1611 deuoti
799 1568 851 1610 et
885 1561 1018 1623 grati
1054 1559 1144 1622 filij
1183 1560 1345 1610 eidem
1382 1560 1532 1609 matri
1571 1561 1941 1623 compassionis
1978 1575 2039 1610 ac
2073 1562 2280 1624 pictatis
2317 1563 2554 1626 aperietis
2592 1565 2790 1613 uiscera
2826 1573 2878 1613 et
2914 1566 2979 1613 ad

590 1654 730 1694 tante
766 1645 999 1709 superbie
1034 1651 1086 1693 et
1122 1645 1436 1694 infidelitatis
1472 1660 1682 1704 cornua,
1722 1652 1915 1708 quanta
1943 1643 2133 1708 prefati
2169 1646 2378 1695 heretici
2415 1655 2465 1695 et
2517 1648 2748 1697 infideles
2802 1657 2980 1698 contra

589 1730 753 1794 ipsam
788 1731 992 1793 erigunt
1026 1730 1338 1778 conterenda
1390 1729 1483 1793 ipsi
1523 1730 1736 1778 ecclesie
1777 1730 1839 1777 de
1877 1737 2135 1792 oportuno
2173 1730 2401 1779 subsidio
2438 1732 2759 1782 maturabitis
2797 1734 2980 1783 subue-

589 1815 711 1877 nire,
746 1815 1015 1879 presertim
1051 1814 1171 1877 quia
1205 1815 1337 1863 sicut
1371 1815 1552 1875 nostiS,
1593 1821 1704 1863 toto
1743 1822 1970 1877 tempore
2008 1821 2189 1862 nostro
2226 1816 2503 1865 uitauimus
2555 1816 2607 1865 in
2658 1817 2977 1880 postulandis

588 1898 846 1961 subsidijS‚
883 1913 998 1947 cum
1033 1898 1133 1946 hoc
1169 1899 1386 1963 primum
1423 1901 1538 1947 esse'
1569 1899 1837 1946 credamus
1875 1899 2009 1961 quod
2068 1914 2100 1947 a
2158 1900 2304 1949 uobis
2363 1916 2453 1964 per
2507 1915 2603 1949 nos
2660 1902 2976 1965 postulatum

587 1984 817 2034 extiterit
852 1999 946 2033 uos
984 1999 1214 2046 gravare.
1303 1980 1563 2043 Quocirca
1613 1983 2000 2031 uniuersitatem
2052 1991 2277 2033 uestram
2330 1999 2611 2047 monemuS‚
2648 2001 2891 2049 rogamus
2928 1996 2980 2035 ct

586 2068 854 2118 hortamur
872 2068 1134 2128 attentius,
1155 2068 1389 2131 quatinus
1425 2067 1684 2130 premissis
1720 2068 1773 2115 in
1810 2067 2057 2117 scrutinio
2092 2077 2230 2118 reete
2266 2070 2690 2119 considerationis
2726 2070 2978 2119 adductis,

587 2163 640 2202 et
673 2155 880 2217 insuper
916 2152 1192 2216 diligenter
1226 2159 1423 2201 attento
1461 2153 1597 2215 quod
1634 2153 1975 2201 hereticorum
2012 2160 2064 2201 ct
2097 2153 2373 2203 infidelium
2426 2156 2772 2220 predictorum
2825 2158 2978 2205 inua-

586 2238 814 2287 lescente
849 2238 1056 2287 malicia
1090 2238 1276 2301 ubique
1311 2239 1363 2286 in
1399 2236 1500 2286 illis
1536 2237 1765 2300 partibus
1802 2236 2060 2301 pullulant
2092 2239 2315 2299 hereseS‚
2351 2239 2552 2290 diuinus
2589 2242 2757 2290 cultus
2799 2241 2981 2290 minui-

587 2329 687 2383 tur,
723 2323 849 2372 fides
885 2324 1142 2373 catholica
1178 2324 1440 2388 premitur,
1470 2322 1733 2372 libertates
1771 2328 1824 2370 et
1857 2323 1970 2371 iura
2005 2323 2353 2373 ecclesiastica
2388 2325 2773 2386 conculcantur,
2797 2325 2979 2390 prelati

588 2421 788 2470 quoque
825 2416 877 2456 et
913 2408 999 2471 alij
1039 2407 1264 2456 clericali
1316 2408 1507 2456 milicia
1561 2406 1805 2468 insigniti,
1859 2406 2157 2470 plerumque
2210 2410 2480 2472 capiuntur
2538 2417 2589 2459 et
2639 2411 2980 2473 ignominiose

588 2498 891 2556 tractantur,
929 2493 1218 2558 spoliantur
1252 2506 1401 2541 sacra
1435 2500 1488 2541 et
1522 2491 1624 2554 pia,
1661 2491 1781 2540 loca
1816 2499 1921 2539 tam
1958 2491 2199 2553 religiosa
2236 2508 2387 2555 quam
2423 2492 2525 2542 alia
2570 2494 2979 2558 possessionibus

588 2583 641 2626 et
674 2576 788 2627 aliis
823 2577 973 2626 bonis
1009 2576 1132 2636 suis,
1171 2584 1224 2627 et
1259 2590 1566 2639 quamquam
1601 2576 1704 2625 sint
1739 2577 1914 2625 diuino
1949 2577 2185 2625 dedicata
2221 2577 2380 2626 cultui
2418 2579 2484 2627 ad
2518 2594 2641 2628 usus
2687 2587 2857 2627 tamen
2894 2580 2979 2627 de-

587 2668 832 2726 putantur
866 2661 1074 2712 illicitos
1113 2667 1165 2711 et
1198 2660 1458 2726 prosanOS‚
1495 2668 1725 2724 potestas
1761 2661 2106 2711 ecclesiastice
2141 2676 2353 2712 censure
2390 2664 2784 2729 contempnitur,
2811 2664 2980 2712 incen-

589 2748 780 2796 duntur
813 2755 865 2796 et
900 2748 1232 2797 destruuntur
1264 2747 1415 2795 urbes
1451 2754 1503 2795 et
1548 2754 1720 2796 castra
1771 2762 1887 2795 cum
1941 2746 2169 2809 ecclesijs
2228 2762 2325 2811 qne
2384 2757 2503 2799 sunt
2560 2749 2629 2797 ibi
2689 2734 2977 2798 constructe

586 2830 880 2895 infringitur
914 2839 1192 2882 stratorum
1227 2831 1474 2880 securitas
1510 2831 1798 2895 spoliantur
1831 2831 2067 2892 viatoreS‚
2105 2845 2199 2880 nec
2235 2834 2460 2895 parcitur
2495 2836 2677 2894 ordini,
2714 2835 2859 2882 sexui
2896 2833 2979 2881 uel

588 2917 728 2977 etati,
766 2914 1109 2966 defenduntur
1142 2916 1355 2964 heretici
1392 2917 1523 2965 adeo
1561 2917 1698 2978 quod
1733 2917 1785 2965 in
1823 2916 1895 2964 eis
1929 2916 2159 2979 partibus
2194 2917 2518 2979 inquisitores
2555 2919 2776 2968 heretice
2811 2919 2980 2982 praui-

587 3001 710 3050 tatis
747 3016 863 3050 raro
899 3003 1091 3051 audent
1126 3002 1369 3050 accedere
1405 3001 1472 3049 ad
1506 3000 1625 3049 loca
1661 3002 1722 3049 de
1759 3002 1941 3064 quibus
1977 3012 2147 3053 essent
2180 3004 2459 3067 expediens
2512 3019 2604 3067 pro
2658 3019 2751 3053 suo
2806 3001 2977 3051 officio

589 3093 767 3135 contra
801 3087 969 3135 dictos
1005 3087 1260 3136 hereticos
1296 3087 1602 3135 exercendO.
1673 3084 1761 3134 Ad
1798 3087 2170 3151 reprimendum
2211 3099 2311 3136 tam
2331 3084 2786 3151 *presumptuosus
2823 3103 2978 3136 ausus

588 3177 792 3233 tamque
846 3172 1161 3233 periculosos
1214 3170 1516 3219 hereticales
1571 3185 1831 3232 excessus,
1885 3180 1935 3220 et
1987 3173 2388 3237 supportandum
2442 3174 2671 3235 gravium
2728 3173 2979 3221 sarcinam

589 3270 802 3304 onerum
837 3254 1237 3303 incumbentium
1275 3270 1339 3304 ex
1374 3254 1632 3320 premissis
1667 3270 1761 3304 uos
1798 3263 1849 3304 et
1885 3264 2110 3305 uestrum
2147 3257 2333 3320 singuli
2388 3257 2459 3305 sic
2515 3266 2749 3321 prompte
2807 3258 2977 3306 uelitis

586 3354 770 3388 manus
807 3340 1083 3388 extendere
1118 3339 1399 3388 liberaliter
1432 3340 1721 3401 adiutrices‚
1754 3341 1890 3402 quod
1927 3341 2209 3390 auxiliante
2246 3342 2456 3391 domino
2493 3351 2765 3407 uestroque
2820 3344 2977 3391 medi-

587 3432 707 3473 ante
743 3425 939 3473 auxilio
978 3432 1124 3475 tanta
1161 3425 1463 3487 reprimatur
1500 3424 1774 3485 temeritaS,
1810 3425 1935 3475 fides
1971 3428 2023 3475 in
2060 3426 2290 3491 partibus
2326 3427 2443 3488 illis,
2480 3428 2661 3489 quibus
2699 3428 2799 3476 iam
2836 3429 2975 3491 peri-

588 3508 754 3558 clitari
820 3509 1064 3567 noscitur,
1125 3510 1371 3558 solidetur
1428 3509 1688 3558 catholica
1739 3518 1791 3558 et
1843 3511 2186 3560 hereticorum
2244 3518 2505 3574 prostrata
2556 3512 2762 3561 malicia
2797 3513 2977 3561 uotiua

587 3595 833 3658 suscipiat
868 3594 1092 3642 fidelium
1137 3594 1467 3643 incrementa.
1558 3592 1772 3658 Vosque
1832 3604 2065 3645 nostram
2124 3603 2175 3644 et
2232 3597 2514 3658 apostolice
2573 3598 2705 3646 sedis
2758 3598 2976 3660 gratiam

585 3679 802 3728 ualeatis
839 3679 1040 3728 uberius
1077 3680 1367 3742 promereri.
1462 3677 1628 3742 Super
1683 3680 1925 3743 predictis
1983 3687 2156 3729 autem
2214 3680 2411 3730 dilectis
2463 3681 2582 3743 filijs
2637 3681 2864 3731 ,Iohanni
2914 3683 2977 3729 dc

588 3763 778 3814 Serone
814 3764 971 3828 priori
1008 3762 1223 3812 fratrum
1263 3763 1453 3812 ordinis
1489 3765 1867 3826 predicatorum
1906 3766 1968 3813 de
2002 3764 2217 3826 Figiaeo
2253 3773 2306 3814 et
2352 3766 2617 3815 Bernardo
2672 3767 2733 3814 de
2782 3766 2975 3816 Ortolis

587 3849 772 3898 rectori
807 3849 1021 3898 ecclesie
1055 3850 1118 3897 de
1136 3846 1422 3897 Noualibus
1445 3845 1772 3898 Caturcensis
1798 3860 1851 3898 et
1883 3849 2170 3898 Electensis
2207 3850 2486 3898 diocesium
2523 3851 2805 3914 apostolice
2842 3852 2977 3900 sedis

585 3932 788 3996 nuncijs
824 3941 875 3982 et
910 3948 1084 3982 eorum
1121 3932 1329 3981 cuilibet
1362 3932 1654 3994 insolidum,
1694 3948 1822 3997 quos
1859 3934 1923 3981 ad
1960 3948 2055 3982 uos
2098 3933 2345 3982 mittimus
2397 3943 2605 3999 propter
2655 3936 2771 3995 hoe,
2809 3936 2977 3985 uelitis

586 4019 848 4067 intendere
884 4025 936 4066 et
967 4017 1120 4066 fidem
1155 4018 1414 4066 indubiam
1451 4017 1709 4067 adhibere.
1778 4018 1974 4067 Datum
2011 4017 2272 4067 Aninionc
2310 4018 2415 4080 diij.
2453 4020 2701 4069 kalendas
2738 4019 2977 4084 Septem-

586 4103 689 4152 bris
724 4103 1053 4167 pontificatus
1089 4103 1249 4151 nostri
1286 4117 1423 4150 anno
1459 4102 1672 4150 decimo,

721 4185 785 4235 In
822 4187 1015 4237 eundem
1049 4186 1233 4236 modum
1270 4187 1512 4250 episcopo
1548 4186 1796 4249 Bergensi
1834 4196 1885 4236 et
1921 4188 2119 4237 dilectis
2154 4187 2275 4250 filijs
2311 4197 2396 4237 etc.
2433 4197 2485 4237 ut
2519 4206 2688 4253 supra.

722 4271 785 4321 In
821 4271 1014 4322 eundem
1048 4271 1232 4321 modum
1268 4272 1520 4335 episcopis
1547 4270 1936 4335 Stauangrensi,
1957 4273 2277 4334 Hamarensi,
2299 4272 2979 4335 Hasloensi‚³“Ha1·cadensi,

586 4356 934 4415 Nellandensi‚
973 4358 1207 4417 Fau-ensi,
1234 4349 1674 4415 *Greneladiensss
1700 4354 2031 4418 *Sudorensss
2053 4357 2245 4419 Olensi,
2267 4359 2573 4418 Scalotensi‚
2595 4357 2978 4421 archiepiscopo

586 4441 862 4505 Upsalensi
899 4457 958 4490 ac
995 4442 1247 4505 episcopis
1292 4441 1576 4500 Arosiensi,
1613 4440 2020 4504 Sti-anguinensi,
2058 4443 2385 4506 Lincopcnsi,
2424 4441 2677 4501 Scarensi,
2716 4441 2978 4490 Haboensi

586 4534 637 4574 et
670 4526 1046 4576 Wexsionensi.
1325 4579 1328 4582 ,

1215 4608 1351 4656 (Arch.
1380 4609 1463 4649 Vnt.
1493 4610 1586 4656 aeg.
1616 4609 1722 4650 secr.
1748 4611 1835 4648 soh.
1865 4610 1977 4649 xxa.
2006 4609 2098 4649 ibid.
2128 4620 2189 4658 ep.
2216 4608 2350 4651 2¹99).
