3534 5361
1682 344 1760 402 73

712 531 857 586 Item
902 551 939 587 a
985 531 1190 587 Tutor.
1236 529 1477 587 ecclesie
1522 529 1726 587 Daxas
1786 558 1845 566 -·
1900 529 2074 604 .xviij.
2119 530 2245 586 den.

712 632 857 688 Item
903 651 939 687 a
982 648 1230 706 persona
1275 630 1516 688 ecclesie
1560 629 1774 704 Kenge
1818 658 1900 667 —
1949 630 2002 704 .j.
2052 650 2131 688 or.
2178 640 2234 688 et
2278 631 2367 704 .vj.
2413 631 2541 687 den.

714 732 862 788 Item
908 751 944 787 a
989 731 1194 788 Tutor.
1239 730 1493 788 eiusdem
1539 760 1617 767 —
1660 730 1835 804 xviij.
1877 731 2005 787 den.

714 832 860 889 Item
906 852 941 888 a
984 850 1234 907 persona
1275 806 1517 888 eeclesia
1561 830 1834 906 vum-yth
1880 859 1960 867 —-
2009 830 2121 906 .vij.
2163 832 2265 890 sol.
2312 842 2368 888 et
2417 830 2491 905 .ij.
2539 831 2666 886 den.

716 934 858 990 Item
904 952 940 988 a
984 932 1188 989 Tutor.
1236 931 1491 989 eiusdem
1537 959 1619 969 —-
1665 930 1838 1006 xviij.
1887 932 2015 988 den.

713 1034 856 1092 Item
902 1054 938 1090 a
981 1052 1230 1108 persona
1269 1032 1511 1090 ecclesie
1555 1032 1825 1108 Kaetilryt
1874 1060 1942 1068 —
1994 1053 2066 1090 .x.
2111 1032 2212 1090 sol.
2260 1042 2317 1090 et
2363 1032 2495 1107 .viij.
2540 1032 2665 1088 den.

715 1135 861 1191 Item
907 1155 943 1192 a
989 1135 1193 1192 Tutor.
1240 1133 1496 1190 eiusdem
1549 1160 1615 1169 -
1667 1132 1842 1207 .xviij.
1891 1132 2019 1189 den.

721 1298 889 1360 ¹Item
933 1324 968 1360 a
1011 1321 1262 1378 persona
1305 1300 1547 1359 ecclesie
1593 1300 2020 1377 Byllebyerghe
2066 1329 2145 1339 --
2193 1300 2485 1357 dimidiam
2532 1302 2825 1357 marcham
2873 1307 2929 1354 et

549 1403 681 1477 .viij.
727 1404 854 1461 den.

715 1568 902 1631 ²Item
951 1592 985 1628 a
1030 1572 1237 1629 Tutor.
1284 1571 1528 1641 ecclesie
1573 1570 1922 1645 Heddingge
2011 1600 2033 1605 -·
2095 1567 2252 1641 xiiij.
2299 1566 2403 1626 sol.
2447 1579 2503 1625 et
2548 1568 2689 1642 ‚iiij‘zr
2719 1569 2844 1625 den.

723 1738 913 1799 ³Item
960 1761 996 1798 a
1041 1741 1244 1798 Tutor.
1291 1739 1534 1798 ecclesie
1580 1738 1893 1813 Claustorp
1941 1765 2014 1773 -
2064 1735 2195 1810 .viij.
2240 1736 2342 1794 sol.
2389 1744 2446 1794 et
2491 1737 2581 1812 .vj.
2624 1738 2750 1793 den.

719 1903 913 1966 4Item
957 1929 993 1967 a
1035 1928 1285 1985 persona
1329 1906 1572 1966 ecclesie
1613 1905 1881 1964 Randala
1923 1934 1997 1943 —
2050 1905 2192 1981 .iiij‘!r
2241 1925 2343 1962 mr.
2391 1906 2520 1964 den.

725 2069 916 2134 “''Item
961 2097 996 2135 a
1038 2096 1288 2153 persona
1333 2075 1574 2135 ecclesie
1619 2075 1803 2133 sancti
1846 2075 2151 2149 Laurencij
2223 2104 2256 2110 -
2324 2094 2399 2134 .x.
2446 2094 2528 2132 or.
2573 2075 2700 2133 den.

724 2179 866 2235 Item
912 2197 948 2235 a
992 2179 1196 2236 Tutor.
1239 2177 1496 2235 eiusdem
1540 2205 1624 2214 -—
1668 2196 1740 2233 .x.
1786 2194 1867 2233 or.
1913 2176 2039 2234 den.
2473 2178 2476 2181 ’

722 2277 871 2336 Item
918 2300 954 2337 a
998 2297 1247 2354 persona
1291 2277 1534 2336 ecclesie
1575 2277 1759 2335 sancti
1804 2276 2075 2334 Nicholai
2130 2312 2182 2318 --
2247 2297 2320 2333 .x.
2368 2277 2471 2334 sol.
2506 2296 2637 2335 cum
2685 2275 2933 2333 dimidio.

723 2448 874 2505 Item
919 2467 958 2505 a
1000 2466 1249 2524 persona
1290 2445 1514 2504 Altaris
1557 2445 1742 2505 sanct-i
1779 2445 2081 2521 Vincencij
2125 2446 2184 2503 in
2228 2446 2475 2506 ecclesia
2516 2444 2811 2504 Lundensi
2854 2472 2936 2481 —-

553 2548 628 2623 .ij.
672 2566 778 2606 mr.
823 2549 950 2606 den.

722 2649 872 2709 Item
913 2651 1106 2727 recepi
1152 2670 1187 2710 a
1232 2650 1349 2708 d'fio
1394 2648 1737 2706 Thorberno
1784 2646 2079 2707 Canonico
2124 2648 2422 2708 Lundensi
2481 2667 2587 2725 pro
2644 2647 2939 2724 prebenda

556 2770 664 2810 sua
709 2771 883 2828 quam
928 2752 1088 2829 prius
1133 2751 1318 2810 tenuit
1359 2752 1482 2808 diis,
1569 2749 1891 2808 Nicholaus
1937 2750 2173 2810 Stembo
2221 2778 2293 2788 -—
2347 2750 2440 2826 .iij.
2482 2771 2586 2809 mr.
2629 2750 2756 2806 den.

729 2853 874 2910 Item
918 2853 1110 2929 recepi
1159 2854 1233 2910 ab
1279 2853 1482 2910 eodem
1527 2870 1632 2926 pro
1679 2852 1796 2908 dfio
1838 2850 2018 2909 Petro
2078 2851 2247 2928 Muly
2307 2852 2588 2909 canonico
2645 2848 2952 2911 Lundensi,

561 2973 665 3028 pro
711 2956 1010 3029 prebenda
1054 2973 1160 3011 sua
1210 2989 1270 2994 ν-
1334 2952 1473 3025 .ἰίἰῇ(ἶΥ
1501 2971 1603 3009 mr.
1649 2953 1777 3009 den.
2869 2939 2874 2943 ’

728 3056 878 3112 Item
924 3075 1029 3131 pro
1073 3055 1591 3131 Archidyaconatu
1639 3082 1712 3089 —
1762 3052 1835 3126 .ij.
1875 3072 1977 3109 mr.
2024 3053 2148 3109 den.

732 3155 877 3213 Item
922 3176 1028 3232 pro
1075 3157 1370 3232 prebenda
1416 3172 1589 3230 quam
1634 3154 1819 3210 tenuit
1864 3154 1970 3210 d'fis
2015 3154 2337 3212 Nicholaus
2393 3154 2685 3229 quondam
2730 3152 2940 3209 Archi-

567 3258 868 3333 dyaconus
911 3256 1236 3314 Lundensis
1277 3256 1470 3332 recepi
1515 3275 1620 3332 per
1665 3274 1868 3312 manus
1914 3255 2011 3311 dfii
2055 3256 2213 3313 Petri
2241 3255 2463 3330 Staggy
2498 3253 2760 3313 canonici
2784 3253 2943 3310 Lun-

565 3358 758 3416 densis
801 3358 852 3433 .j.
899 3378 1000 3415 mr.
1047 3359 1175 3415 den.

733 3460 882 3517 Item
946 3480 1049 3536 pro
1116 3461 1413 3535 prebenda
1479 3436 1773 3534 quondam
1822 3443 2104 3533 'Magistri
2175 3459 2400 3515 Thome
2480 3476 2635 3514 nunc
2710 3455 2945 3512 Henrici

568 3562 807 3638 Frydau
850 3562 1041 3637 recepi
1089 3582 1192 3638 per
1237 3580 1441 3618 manus
1486 3559 1582 3616 dfii
1628 3559 1789 3616 Petri
1835 3558 1905 3614 de
1950 3559 2147 3633 Nyym
2194 3558 2484 3633 quondam
2526 3555 2821 3629 Cellerarij
2871 3584 2942 3590 -—·

569 3663 619 3737 .j.
666 3682 770 3719 mr.
817 3663 944 3720 den.

576 3912 710 3990 [αμ]
780 3917 1017 3975 Summa
1065 3916 1232 3973 huius
1279 3915 1488 3990 pagine
1537 3942 1607 3949 --
1660 3913 1835 3983 ‚xxvi
1882 3914 2145 3970 marchas
2184 3930 2315 3968 cum
2362 3911 2414 3984 .j.
2460 3910 2643 3968 solido
2690 3910 2950 3966 denario-

1657 4017 1821 4054 orum
1866 3995 2279 4056 Scaniensium.

742 4253 888 4309 Item
935 4253 1126 4328 recepi
1170 4272 1204 4310 a
1250 4252 1365 4309 dfio
1409 4251 1698 4309 Nicholao
1745 4249 2031 4305 Bunkaflo
2077 4248 2357 4306 canonico
2389 4247 2681 4307 Lundensi
2720 4246 2951 4304 racione
2977 4251 3138 4296 f01-47-b

573 4354 840 4413 restantis
883 4353 1104 4411 decime
1150 4372 1263 4411 non
1308 4352 1495 4411 solute
1542 4371 1644 4426 pro
1691 4351 1987 4426 prebenda
2052 4370 2158 4408 sua
2223 4350 2518 4408 Lundensi
2591 4359 2644 4406 et
2712 4348 2954 4405 ecclesia

650 4532 661 4560 ¹
710 4536 733 4583 1
770 4536 1010 4598 Margcn:
1080 4529 1718 4598 „Rygnabyerghaheret.“
1814 4528 1839 4558 ²
1879 4534 1906 4581 I
1941 4533 2184 4595 Margen:
2242 4527 2603 4594 „Barahcrct.“
2697 4525 2718 4553 ³
2760 4530 2785 4577 I
2819 4529 2957 4577 Mar-

711 4635 834 4682 gen:
900 4615 1270 4681 ‚,Ossighcrit.“
1357 4612 1380 4641 ⁴
1415 4619 1438 4666 1
1474 4618 1719 4680 Margen:
1785 4611 2131 4679 ‚,Blecingia.“
2219 4612 2239 4640 ⁵
2275 4616 2299 4663 1
2335 4616 2578 4676 Margen:
2642 4616 2722 4676 „in
2762 4615 2957 4661 Boran-

711 4697 966 4753 daholm.“
