3534 5361
1686 326 1801 386 153

551 513 697 575 uirga
734 511 903 560 debite
940 511 1292 574 castigationis
1329 517 1623 572 consurgat,
1661 512 1796 573 quod
1832 524 1920 560 eos
1958 526 2111 575 super
2143 512 2244 560 hoc
2280 512 2451 562 taliter
2485 513 2766 563 excessisse
2800 516 2941 578 peni-

552 603 674 657 teat,
711 603 762 644 et
797 611 829 644 a
864 596 1104 645 similium
1141 594 1525 661 presumptione
1560 594 1611 642 in
1643 603 1907 657 posterum
1944 598 2322 658 conquiescant,
2370 597 2661 648 discretioni
2717 606 2800 648 tue
2851 614 2943 663 per

553 694 635 744 ap.
673 694 768 729 scr.
806 681 1123 729 mandamus.
1163 689 1413 744 quatenus
1449 680 1707 742 predictos
1744 681 1882 728 ciues
1921 681 1969 728 in
2006 680 2121 729 loco
2160 681 2248 729 tibi
2287 688 2414 742 tut0,
2450 689 2501 731 et
2553 684 2615 731 de
2674 698 2774 746 quo
2810 684 2941 733 ueri·

552 765 715 813 simile
752 766 818 812 sit
853 764 1184 812 monitionem
1222 772 1361 812 tuam
1397 759 1550 826 posse
1586 765 1652 813 ad
1705 764 1848 812 ciues
1902 765 2041 827 ipsos
2102 766 2164 813 de
2222 764 2359 813 facili
2420 768 2701 827 peruenire,
2736 768 2942 832 publice

550 863 759 898 monere
797 862 1055 911 procureS‚
1091 837 1150 896 ut
1186 846 1321 896 infra
1355 858 1472 898 octo
1509 849 1616 897 dies
1654 857 1771 912 post
1805 849 2138 898 monitionem
2172 856 2332 907 tuam,
2369 849 2559 899 dictam
2603 852 2941 914 quantitatem

552 947 839 982 marcarum
890 932 1210 994 integraliter
1262 933 1353 980 tibi
1406 941 1583 1002 nostro
1637 941 1688 981 et
1739 933 1967 982 eiusdem
2019 941 2151 981 terre
2204 934 2407 983 nomine
2465 936 2753 998 restituant,
2792 945 2844 986 et
2879 938 2941 986 de

552 1019 736 1066 iniuria
771 1017 918 1066 nobis
955 1024 1007 1065 et
1042 1017 1176 1065 dicte
1213 1025 1346 1065 terre
1382 1018 1435 1065 in
1470 1018 1567 1065 hac
1604 1024 1748 1080 parte
1785 1016 1932 1065 illata
1966 1018 2246 1080 plenariam
2299 1017 2704 1070 satisfactionem
2748 1022 2941 1086 impen-

554 1103 691 1150 dant.
730 1111 781 1149 et
817 1101 858 1149 si
894 1099 1049 1160 ijdem
1085 1102 1137 1149 id
1173 1100 1306 1149 infra
1339 1102 1472 1149 idem
1503 1085 1702 1163 tempus
1739 1102 2139 1165 contempserint
2184 1104 2477 1167 adimplere,
2530 1113 2585 1154 tu
2643 1112 2832 1154 extunc
2889 1106 2943 1155 in

553 1187 780 1246 singulos
818 1200 1011 1244 eorum,
1048 1185 1131 1247 qui
1169 1184 1222 1233 in
1260 1186 1359 1234 hoc
1396 1185 1676 1249 culpabiles
1714 1186 1993 1247 extiterint,
2030 1188 2593 1250 excommunicationis,
2629 1196 2682 1238 et
2735 1191 2941 1239 tandem

553 1272 777 1335 ipsorum
814 1269 1001 1318 ciuium
1039 1269 1281 1332 exigente
1319 1269 1630 1318 contumelia
1664 1270 1718 1319 in
1753 1271 2014 1320 ciuitatem
2033 1272 2336 1321 Scarensem
2369 1272 2625 1324 interdicti
2662 1275 2941 1324 sententias

554 1356 761 1404 studeas
796 1353 1136 1419 promulgare,
1172 1354 1414 1404 inuocato
1451 1370 1603 1417 super
1638 1356 1737 1404 hoc
1774 1363 1956 1403 contra
1993 1371 2083 1406 eos
2118 1356 2495 1418 nichilominus,
2516 1358 2559 1407 si
2605 1373 2734 1423 opus
2770 1357 2940 1419 fuerit,

553 1440 749 1490 auxilio
783 1438 978 1501 brachij
1018 1437 1278 1488 secularis.
1370 1439 1566 1489 Datum
1622 1440 1787 1488 Rome
1832 1441 1969 1502 apud
2021 1447 2255 1490 sanctum
2308 1440 2518 1492 Petrum
2568 1458 2630 1492 Ν.
2668 1442 2771 1492 kal.
2809 1442 2936 1505 Julij

552 1532 695 1591 pont.
731 1525 895 1575 nostri
930 1539 1065 1574 anno
1101 1524 1340 1572 secundo.

1274 1604 1406 1653 (Arch.
1434 1606 1516 1645 Vnt.
1546 1607 1639 1654 neg.
1670 1607 1750 1645 Nic.
1782 1608 1839 1645 ΙΙΙ.
1869 1619 1932 1647 ιιι.
1959 1608 2001 1648 ΙΙ.
2030 1619 2089 1656 ep.
2119 1603 2222 1651 145).

1346 1834 1442 1890 26.
1537 1833 1737 1890 1282.
1807 1833 1921 1891 4de
1964 1832 2168 1892 Marte.

690 1949 944 1997 Martinus
980 1950 1250 2012 episcopus
1288 1965 1326 1996 s.
1365 1965 1404 1997 s.
1445 1950 1492 1997 d.
1530 1949 1806 1998 venerabili
1853 1948 1995 1998 fratri
2044 1985 2056 1997 .
2112 1984 2123 1996 .
2181 1949 2567 2013 archiepiscopo
2620 1947 2943 1999 Nidrosiensi

556 2034 771 2082 salutem
810 2043 860 2082 et
895 2034 1236 2097 apostolicam
1273 2033 1697 2082 benedictionem.
1793 2032 1910 2081 Tua
1960 2033 2111 2082 nobis
2160 2032 2453 2082 fraternitas
2489 2033 2765 2094 intimauit‚
2804 2036 2943 2097 quod

557 2119 769 2178 decima,
807 2132 904 2181 que
941 2117 992 2166 in
1029 2118 1252 2166 Islandie
1295 2126 1347 2165 et
1390 2118 1651 2179 Feroyum
1688 2116 1867 2166 insulis
1904 2118 1955 2165 in
1992 2132 2151 2177 regno
2209 2116 2480 2179 Norwegie
2539 2118 2847 2180 constitutis,
2885 2119 2939 2168 in

557 2203 770 2252 diuersis
807 2202 956 2251 rebus
990 2202 1317 2265 persoluitur,
1356 2216 1452 2264 que
1490 2202 1552 2249 de
1588 2201 1726 2250 facili
1778 2203 2053 2265 permutari
2114 2202 2199 2250 uel
2255 2202 2591 2265 pecunialiter
2641 2203 2795 2252 uendi
2837 2218 2943 2253 non

556 2297 788 2351 possunt,
827 2297 1038 2351 propter
1083 2286 1219 2348 quod
1267 2287 1466 2334 decima
1507 2286 1686 2334 eadem
1738 2287 1915 2347 nequit
1951 2288 2015 2335 ad
2052 2295 2240 2335 terram
2278 2295 2510 2335 sanctam
2545 2286 2633 2335 uel
2667 2288 2732 2336 ad
2769 2289 2944 2338 sedem

556 2372 892 2435 apostolicam
929 2372 1198 2421 commode
1235 2369 1494 2419 destinari.
1589 2368 1909 2420 Subiunxisti
1964 2384 2180 2433 quoque,
2217 2372 2354 2434 quod
2391 2368 2708 2421 Gronlandie
2744 2374 2943 2422 decima

556 2474 661 2507 nou
697 2458 974 2521 percipitur
1008 2457 1106 2505 nisi
1140 2456 1194 2504 in
1229 2454 1428 2504 bouinis
1478 2463 1530 2503 et
1573 2453 1806 2504 focarum
1844 2454 1999 2516 corijs
2036 2469 2097 2503 ac
2133 2455 2367 2503 dentibus
2405 2462 2457 2504 et
2490 2455 2697 2505 funibus
2734 2457 2943 2507 balena-

557 2559 685 2595 rum.
726 2558 821 2606 que
855 2542 989 2591 sicut
1023 2541 1206 2590 asseris
1226 2541 1316 2588 uix
1334 2542 1399 2589 ad
1419 2547 1713 2603 competens
1750 2539 1972 2603 pretium
2007 2541 2158 2589 uendi
2186 2549 2417 2603 possunt,
2451 2542 2583 2590 vnde
2620 2542 2756 2604 quod
2791 2557 2945 2607 super

553 2628 812 2692 premissis
849 2641 879 2674 a
916 2634 965 2674 te
1001 2626 1256 2687 agendum
1293 2624 1501 2685 existat,
1538 2625 1729 2687 petiisti
1766 2631 1816 2673 te
1852 2640 1943 2690 per
1967 2626 2247 2689 apostolice
2272 2626 2406 2673 sedis
2433 2625 2699 2675 oraculum
2724 2628 2941 2676 edoceri.

552 2713 659 2762 Nos
695 2713 868 2774 itaque
906 2718 991 2759 tue
1039 2709 1395 2759 sollicitudinis
1455 2711 1678 2760 studium
1731 2712 2165 2767 commendantes,
2220 2710 2584 2760 consultationi
2631 2717 2717 2760 tue
2772 2711 2944 2760 taliter

556 2798 936 2859 respondemus,
973 2796 1111 2858 quod
1149 2804 1254 2843 tam
1307 2795 1588 2843 insularum
1641 2808 1794 2856 quam
1848 2793 2165 2844 Gronlandie
2219 2795 2441 2844 decimas
2495 2794 2839 2859 predictarum
2891 2797 2943 2845 in

556 2892 824 2945 argentum
862 2881 944 2929 uel
979 2894 1176 2939 aurum,
1213 2887 1365 2942 prout
1398 2878 1579 2927 melius
1616 2889 1668 2927 et
1720 2879 1894 2928 utilius
1945 2879 2054 2927 fieri
2107 2879 2307 2943 poterit,
2364 2888 2664 2929 conuertere
2717 2880 2942 2941 studeaS,

554 2967 682 3015 illud
720 2980 819 3014 vua
855 2979 970 3013 cum
1006 2964 1096 3012 illa
1131 2963 1235 3012 alia
1269 2964 1468 3011 decima
1503 2964 1555 3010 in
1589 2963 1701 3026 ipso
1739 2977 1899 3026 regno
1936 2964 2156 3012 collecta
2192 2977 2284 3026 pro
2320 2963 2478 3026 ipsius
2526 2971 2658 3011 terre
2710 2963 2942 3013 subsidio

556 3052 622 3099 ad
657 3049 997 3114 apostolicam
1032 3049 1207 3098 sedem
1242 3047 1500 3109 quamcito
1545 3048 1734 3110 poteris
1790 3049 2195 3106 transmissurus,
2249 3047 2369 3109 quid
2417 3055 2469 3097 et
2503 3054 2751 3110 quantum
2786 3047 2942 3097 desti-

556 3136 756 3184 naueris
808 3133 1024 3182 fideliter
1074 3133 1375 3180 intimando·
1463 3131 1704 3181 Ceterum
1757 3132 2021 3181 carissimo
2084 3131 2138 3179 in
2199 3131 2407 3181 Christo
2459 3132 2568 3181 filio
2621 3140 2800 3183 nostro
2857 3169 2869 3182 .
2930 3169 2941 3181 .

557 3220 662 3282 regi
698 3218 969 3280 Norwegie
1006 3217 1190 3266 illustri
1225 3224 1429 3266 nostras
1474 3216 1758 3279 rogatorias
1797 3216 1991 3265 litteras
2028 3216 2412 3276 destinauimus,
2458 3225 2515 3266 ut
2561 3231 2665 3266 non
2699 3217 2946 3282 impediat

558 3319 651 3352 nec
685 3303 915 3368 impediri
951 3303 1225 3366 permittat,
1251 3303 1370 3365 quin
1408 3300 1607 3349 decima
1639 3301 1753 3363 ipsa
1789 3299 1851 3346 de
1888 3312 2048 3360 regno
2084 3314 2178 3348 suo
2213 3301 2371 3348 libere
2407 3301 2711 3351 extrahatur
2743 3302 2796 3350 in
2832 3316 2945 3366 pre-

558 3391 692 3437 dicte
730 3397 859 3437 terre
896 3387 1193 3447 subsidium,
1219 3386 1496 3436 secundum
1537 3385 1822 3448 apostolice
1860 3384 1993 3432 sedis
2029 3384 2294 3433 arbitrium
2331 3386 2667 3449 disponenda,
2705 3387 2944 3450 quodque

559 3472 949 3536 prohibitionem
987 3480 1164 3520 contra
1199 3471 1425 3519 eiusdem
1461 3469 1675 3518 clericos
1704 3468 1851 3530 regni
1876 3467 2083 3530 factam,
2109 3484 2174 3518 ne
2210 3468 2374 3532 quiuis
2409 3468 2573 3519 laicus
2609 3471 2766 3535 ipsius
2802 3473 2947 3533 regui

559 3558 830 3621 sterlingos
869 3557 951 3606 uel
985 3564 1252 3619 argentum
1287 3555 1426 3603 aliud
1474 3554 1692 3603 uendere
1751 3555 2115 3616 quoquomodo
2169 3561 2447 3617 presumat,
2483 3555 2689 3604 studeat
2729 3553 2947 3605 difficul-

559 3648 664 3691 tate
700 3641 940 3690 submota
973 3641 1200 3704 qualibet
1240 3653 1498 3689 reuocare.
1567 3637 1764 3687 Datum
1805 3638 1942 3702 apud
1982 3637 2178 3687 Vrbem
2219 3645 2443 3688 ueterem
2479 3638 2584 3701 .iiij.
2621 3654 2740 3690 non.
2769 3639 2942 3703 Martij

558 3733 704 3789 pont.
740 3725 900 3775 nostri
934 3739 1068 3775 anno
1103 3724 1284 3789 primo.

1265 3807 1396 3852 (Al-ch.
1427 3809 1510 3848 Vnt.
1538 3809 1630 3855 neg.
1663 3809 1772 3847 mart.
1800 3807 1861 3845 lv.
1892 3817 1954 3846 au.
1984 3806 2011 3845 Ι.
2040 3817 2099 3854 ep.
2131 3800 2234 3850 119).

1348 4034 1445 4092 27.
1540 4033 1717 4090 1282.
1806 4031 1921 4087 4de
1964 4029 2169 4087 Μαι-18.

632 4133 640 4142 ’
696 4149 952 4198 Martinus
987 4149 1256 4212 episcopus
1294 4164 1332 4197 s.
1371 4164 1410 4197 s.
1450 4150 1498 4196 d.
1535 4147 1799 4196 carissimo
1818 4146 1871 4194 in
1891 4145 2099 4195 Christo
2123 4145 2229 4193 filio
2257 4180 2268 4192 .
2297 4180 2309 4193 .
2337 4145 2443 4208 regi
2468 4143 2737 4210 Norwegie
2762 4146 2946 4195 illustri

563 4235 783 4284 salutem
818 4244 868 4283 et
902 4232 1242 4297 apostolicam
1278 4233 1701 4282 benedictionem.
1791 4229 1962 4291 Quam
1996 4230 2063 4277 sit
2097 4230 2269 4291 grauis
2306 4238 2358 4278 et
2391 4230 2681 4294 periculosa
2719 4231 2946 4280 conditio

563 4326 695 4368 terre
731 4325 904 4367 sancte
941 4331 1192 4380 quamque
1227 4318 1458 4380 lugubris
1493 4325 1545 4364 et
1579 4315 1881 4364 miserabilis
1918 4320 2082 4362 status
2120 4313 2202 4361 ucl
2238 4314 2409 4363 uerius
2446 4330 2592 4364 casus
2629 4317 2757 4378 eius,
2796 4332 2948 4380 quam

563 4419 668 4452 non
703 4405 809 4451 sine
845 4402 1007 4450 multo
1043 4402 1316 4475 christiane
1353 4404 1518 4465 gentis
1549 4400 1827 4466 obprobrio
1863 4399 2099 4447 immanis
2136 4397 2299 4447 hostis
2337 4400 2502 4448 rabies
2538 4398 2811 4450 furibunda
2847 4401 2947 4450 ‹lis-

563 4489 737 4552 cerpit,
773 4495 938 4536 mater
973 4486 1190 4534 ecclesia
1226 4481 1310 4549 pia
1353 4486 1631 4549 sedulaque
1680 4485 2089 4534 consideratione
2143 4484 2437 4544 discutiens,
2474 4499 2535 4533 ac
2594 4485 2758 4534 eidem
2817 4495 2947 4535 terre

564 4586 716 4635 super
752 4570 908 4619 tantis
945 4571 1126 4633 quibus
1162 4571 1392 4618 noscitur
1428 4571 1652 4618 obducta
1687 4564 1905 4631 miserijs
1941 4568 2256 4632 compatiens
2293 4583 2360 4616 ex
2396 4567 2599 4629 affectu,
2620 4570 2765 4620 uaria
2783 4572 2949 4619 diuer-

565 4671 721 4718 saque
756 4654 997 4715 remedia,
1032 4670 1122 4718 per
1158 4668 1254 4717 que
1288 4662 1421 4703 terre
1456 4654 1531 4702 illi
1584 4668 1773 4702 aurora
1824 4654 2004 4702 celeris
2056 4653 2374 4702 liberationis
2432 4663 2681 4719 erumpat,
2717 4655 2951 4704 sollerter

2421 4721 2545 4781 10*
