3534 5361
1742 370 1821 429 42

766 551 1117 632 ¹Episcopus
1158 555 1332 614 nichil
1376 556 1533 614 dedit
1577 576 1863 615 excusans
1907 576 2010 631 pre
2051 565 2411 632 paupertate.

756 658 848 714 De
896 659 1130 715 denario
1174 659 1356 716 sancti
1402 658 1558 732 Petrj
1606 658 1779 715 nichil
1825 657 2121 732 colligitur
2161 658 2216 713 in
2266 657 2420 714 dicto
2466 658 2821 732 episcopatu.

1353 860 1487 917 .xxi.
1530 862 1760 917 marche
1809 858 2045 935 argentj.
2092 861 2166 917 ad
2212 844 2448 934 pondus>
2485 859 2554 916 de
2599 858 2926 918 Stocolmis.

1355 965 1423 1002 .c.
1474 946 1706 1003 marche
1749 964 1933 1021 parue
1980 954 2208 1002 monete
2252 943 2493 1003 Swecie.

589 899 728 976 [ap]
808 901 1048 960 Summa
1089 851 1335 1008 pagine{

762 1125 872 1200 [De
915 1130 1103 1205 quibus
1147 1130 1316 1186 dictus
1345 1133 1526 1204 frater
1581 1128 1881 1187 G'oskalcus
1926 1131 2251 1204 computant!
2303 1150 2420 1187 cum
2477 1130 2601 1185 dms
2671 1128 2971 1185 Canaerario

590 1240 638 1287 et
679 1231 1025 1301 thesauramb,
1074 1251 1238 1306 quare
1281 1232 1364 1289 hic
1421 1251 1528 1287 non
1595 1233 1926 1287 continentur
1988 1233 2374 1304 assiynationes
2439 1251 2532 1288 nec
2599 1250 2825 1304 eoepense
2871 1248 2975 1303 per

591 1334 764 1406 ipsum
793 1328 981 1406 sacteJ.

387 1433 531 1468 tonsu.
554 1444 585 1467 n.

397 1483 588 1519 ubeskre-

386 1545 585 1621 milite
1107 1544 1469 1640 Computus
1525 1544 1945 1616 abbreuiatus
2000 1546 2084 1616 de
2135 1547 2464 1640 predictis.

765 1714 901 1793 [Per
933 1721 1181 1796 predicta
1217 1729 1368 1794 patet
1411 1713 1621 1795 quod]³
1666 1718 1720 1776 in
1769 1739 1949 1795 regno
1992 1720 2306 1796 Norwegie
2338 1722 2408 1778 de
2433 1721 2656 1779 decima
2676 1720 2974 1779 sexennali

588 1822 645 1878 in
693 1821 1024 1879 ciuitatibus
1071 1831 1127 1877 et·
1172 1821 1496 1879 diocesibus
1543 1822 1833 1881 Osloensi.
1881 1822 2208 1880 Amarcnsi.
2253 1822 2633 1879 Nidrosiensi.
2676 1821 2974 1895 Bergensi.

591 1923 1021 1997 Stauangrensi.
1060 1922 1537 1981 Grenellendensi
1564 1936 1619 1981 et
1644 1924 1983 1983 Orcadensi.
2028 1944 2132 1999 per
2171 1923 2352 1981 felicis
2396 1923 2811 1981 recordationis
2835 1924 2972 1980 dfim

590 2023 945 2082 Clementem
972 2044 1185 2100 papam
1232 2045 1308 2082 .v.
1356 2025 1628 2100 imposita
1671 2022 2019 2100 [recepimusJ.

914 2194 988 2207 0...

977 2297 1206 2371 pondus
1250 2297 1630 2355 Noricanum.

895 2418 963 2455 .c.
1009 2397 1126 2471 liiij.
1173 2398 1369 2473 florenj
1417 2398 1559 2472 auri.

815 2534 820 2539 -
899 2498 994 2572 .iij.
1039 2499 1205 2557 vncie
1252 2519 1385 2557 cum
1431 2498 1666 2556 dimidia
1711 2499 1854 2573 aurj.
1902 2500 1974 2555 ad
2021 2500 2248 2574 pondus
2288 2500 2667 2558 Noricanum.

897 2600 1009 2674 .iiij.
1056 2601 1271 2675 denarij
1320 2602 1749 2659 Turonensium
1794 2601 2012 2677 argentj
2060 2601 2211 2677 regis
2254 2602 2519 2660 Francie.

892 2702 1044 2777 ‚xcij.
1092 2703 1236 2760 libre
1280 2704 1413 2779 xiij.
1461 2705 1567 2762 sol.
1614 2703 1670 2778 ij.
1715 2703 1933 2760 denarii
1974 2703 2380 2779 sterlingorum
2424 2705 2666 2779 argentj.

900 2804 1034 2878 ,iiijq'
1075 2804 1198 2881 viij?
1242 2806 1419 2881 xxiiij.
1465 2809 1696 2864 marche
1743 2825 1814 2863 Ν.
1867 2805 2034 2862 vncie
2090 2805 2182 2863 ‚iii.
2243 2806 2450 2881 quarti.
2519 2826 2699 2882 parue
2744 2814 2972 2864 monete

979 2907 1289 2964 Noricane.

760 3075 905 3132 Item
952 3076 1022 3134 de
1065 3095 1241 3134 censu
1286 3077 1382 3152 qui
1431 3074 1699 3133 denarius
1743 3076 1898 3133 beati
1943 3076 2103 3133 Petri
2148 3076 2451 3151 apellatur.

902 3245 992 3320 .vj.
1039 3245 1207 3303 solidi
1251 3244 1677 3303 Turonensium
1720 3245 1943 3320 argenti
1992 3246 2061 3302 de
2105 3246 2374 3303 Francia.

902 3345 992 3420 .vj.
1038 3348 1183 3404 libre
1231 3347 1364 3421 .xvj.
1409 3347 1576 3405 solidi
1627 3366 1700 3402 .v.
1747 3346 1966 3403 denarii
2009 3347 2413 3422 sterlingorum
2460 3348 2700 3423 argenti.

901 3456 980 3506 .v'i
1024 3448 1225 3524 lxxiiij.
1269 3451 1499 3507 marche
1544 3447 1632 3521 .vj.
1677 3449 1845 3505 vncie
1891 3468 2072 3523 parue
2119 3458 2363 3505 monete.

765 3620 914 3677 Item
962 3620 1032 3676 de
1077 3619 1284 3694 legatis
1328 3614 1512 3675 terre4
1551 3618 1609 3674 in
1656 3618 1810 3675 dicto
1864 3637 2059 3693 regno.
2138 3646 2202 3654 —-
2276 3618 2389 3692 .liij.
2458 3620 2687 3676 marche
2753 3615 2979 3692 argenti

594 3721 669 3778 ad
714 3720 933 3778 dictum
973 3722 1221 3797 pondus.
2670 3783 2676 3788 ,

765 3823 914 3881 Item
962 3824 1033 3881 de
1079 3824 1330 3899 quadam
1377 3823 1907 3897 condempnacione
1953 3823 2070 3879 lata
2127 3830 2327 3879 contra
2372 3822 2706 3898 episcopum
2752 3821 2977 3881 Orcad-

599 3944 790 3984 ensem
847 3958 911 3966 —
967 3924 1205 4000 ,lxxviij.
1251 3926 1482 3983 marche
1529 3924 1935 4000 sterlingorum
1980 3923 2218 3999 argentj.
2264 3925 2338 3980 ad
2384 3924 2601 3980 dictum
2647 3925 2893 4000 pondus.

936 4027 1176 4086 Summa
1222 4027 1588 4087 Summarum
1659 4027 1912 4084 omnium
1978 4027 2368 4101 Receptorum
2436 4026 2491 4081 in
2560 4025 2713 4083 dicto
2773 4026 2979 4101 Regno
3069 4049 3078 4058 ·

595 4131 926 4205 Norwegie.
971 4139 1057 4188 est

770 4232 867 4307 .vj‘i
911 4233 1029 4288 xix.
1078 4233 1308 4288 marche
1357 4251 1429 4288 .v.
1475 4231 1640 4288 vncie
1687 4231 1776 4306 .iij.
1823 4230 2011 4307 quarti
2045 4229 2267 4305 argenti
2301 4230 2373 4285 ad
2399 4230 2625 4304 pondus
2647 4228 2978 4303 Norwegie.

769 4354 835 4393 .c.
879 4333 994 4409 liiij.
1035 4334 1234 4410 florenj
1281 4334 1422 4408 aurj.

680 4480 696 4509 ¹
738 4486 759 4532 1
796 4485 1013 4546 Margen
1048 4484 1163 4532 med
1202 4486 1299 4531 den
1337 4484 1501 4532 andcn
1548 4483 1733 4532 Haand
1771 4475 2043 4543 „attende.“
2113 4477 2139 4505 ²
2175 4480 2264 4529 fol.
2306 4486 2384 4529 21.
2420 4481 2468 4528 b.
2516 4495 2571 4529 er
2625 4480 2837 4529 skreven
2872 4480 2889 4526 i
2925 4486 2978 4528 to

735 4569 953 4632 Spalter.
1028 4562 1050 4591 ³
1083 4569 1164 4617 De
1214 4568 1525 4617 indcirklede
1574 4568 1682 4619 Ord
1718 4584 1802 4617 ere
1840 4568 2051 4616 skrevne
2090 4568 2205 4615 med
2243 4568 2340 4614 den
2393 4566 2558 4613 auden
2617 4564 2802 4613 Haand
2862 4579 2982 4612 over

736 4671 799 4704 en
833 4655 1107 4714 Radering.
1183 4652 1384 4702 Ordene
1424 4662 1587 4717 „patet
1625 4648 1783 4716 quod“
1832 4668 1912 4701 ere
1960 4653 2185 4701 desuden
2224 4651 2597 4709 overstregede.
2692 4643 2714 4673 ‘¹
2767 4648 2874 4698 Her
2927 4664 2981 4697 er

739 4734 974 4801 „sancte“
1012 4737 1288 4800 udeglemt.
