3534 5361
1670 363 1786 424 177

535 567 595 601 ac
628 552 891 601 Bernardo
929 552 990 600 de
1026 551 1221 602 Ortolis
1257 549 1440 599 rectori
1477 548 1689 598 ecclesie
1726 550 1788 597 de
1823 547 2125 610 Noualibus‚
2164 549 2493 600 caturcensis
2531 558 2582 600 et
2627 550 2918 602 Electensis

536 638 811 686 diocesium
849 636 1130 700 apostolice
1166 634 1300 684 sedis
1360 633 1557 696 nuncijs
1615 634 1834 682 salutem
1888 640 1938 681 et
1996 634 2213 694 apostol.
2267 635 2517 684 benedict.
2606 634 2735 686 Cum
2786 638 2920 686 sicut

536 722 822 786 accepimus
857 719 1159 769 venerabilis
1196 719 1357 768 frater
1408 726 1583 767 noster
1632 718 1925 767 Willelmus
1984 717 2251 782 episcopus
2311 718 2656 769 Orchadeusis
2708 731 2920 786 propter

537 821 717 867 graues
754 821 995 854 excessus
1032 820 1160 868 quos
1196 805 1303 868 ipsc
1341 804 1591 863 capiendo
1628 811 1679 851 et
1714 803 2082 851 incarcerando
2120 803 2228 851 sine
2263 818 2420 852 causa
2454 805 2742 854 rationabili
2765 807 2919 855 dilec-

537 900 643 939 tum
676 889 836 939 filium
870 890 1242 951 Engelbertum
1278 889 1479 950 Luning
1512 889 1812 936 canonicum
1849 886 2226 937 Orchadensem
2262 886 2522 937 fructuum
2557 889 2919 939 beneficiorum

537 975 1013 1034 ecclesiasticorum,
1051 989 1140 1038 per
1175 989 1269 1023 nos
1307 988 1466 1036 usque
1502 973 1568 1020 ad
1605 980 1798 1021 certum
1835 981 2032 1034 tempus
2068 973 2120 1020 in
2154 972 2252 1020 illis
2289 973 2420 1021 sieut
2454 974 2506 1022 in
2554 975 2767 1024 diuersis
2804 974 2919 1038 alijs

536 1059 762 1122 partibus
800 1067 1194 1117 reseruatorum,
1248 1057 1672 1107 subcollectorem
1731 1057 2039 1107 auctoritate
2098 1057 2231 1106 sedis
2284 1059 2567 1121 apostolice
2622 1060 2920 1124 deputatum

537 1144 738 1201 ibidem,
775 1144 982 1207 eiusque
1017 1143 1263 1192 beneficia
1299 1149 1350 1190 ct
1383 1142 1520 1190 bona
1555 1142 1804 1205 capiendo
1841 1143 2132 1206 usurpando
2170 1150 2221 1190 et
2253 1156 2425 1191 secum
2461 1145 2692 1207 nequiter
2743 1160 2920 1209 aspor-

539 1230 693 1278 tando
730 1244 820 1278 sen
857 1230 1108 1292 asportari
1147 1228 1399 1286 faciendo,
1436 1228 1727 1290 dictumque
1764 1227 2067 1276 canonicum
2103 1226 2365 1289 beneficijs
2402 1228 2506 1277 suis
2544 1227 2766 1277 indebite
2803 1244 2921 1293 spo-

536 1314 729 1373 liand0‚
767 1328 968 1362 necnon
1004 1321 1054 1361 et
1090 1311 1252 1360 dictos
1289 1310 1484 1359 fructus
1521 1326 1581 1358 ac
1617 1313 1886 1375 pecuniam
1924 1311 1986 1359 de
2022 1312 2232 1360 denario
2269 1311 2405 1359 beati
2452 1311 2592 1361 Petri
2651 1312 2921 1362 collectam

538 1400 589 1447 in
624 1398 725 1447 illis
760 1398 990 1462 partibus
1027 1395 1310 1459 improuide
1347 1396 1608 1444 retinendo
1645 1398 1972 1445 commiserat
2006 1411 2096 1460 per
2131 1404 2180 1445 te
2215 1395 2373 1445 frater
2409 1397 2645 1462 episcope
2680 1397 2732 1445 in
2777 1397 2920 1460 quin-

538 1482 783 1545 quaginta
818 1497 885 1530 ex
922 1497 1024 1530 una
1059 1490 1221 1545 parte,
1260 1489 1312 1529 ct
1346 1481 1399 1528 in
1435 1480 1805 1544 quinquaginta
1841 1481 1999 1529 tribus
2024 1481 2243 1530 marchis
2281 1481 2659 1544 sterlingorum,
2681 1496 2774 1545 per
2791 1490 2841 1530 te
2862 1497 2922 1531 ac

538 1566 876 1615 venerabilem
914 1565 1123 1615 fratrem
1158 1571 1390 1614 nostrum
1426 1564 1866 1629 archiepiscopum
1894 1565 2274 1615 Nidrosiensem
2309 1567 2614 1615 auctoritate
2636 1567 2925 1630 apostolica

544 1666 695 1714 super
718 1651 818 1712 hijs
844 1651 1176 1715 procedentes
1196 1664 1267 1713 ¹ex
1300 1650 1480 1708 altera,
1507 1659 1682 1699 nostre
1716 1650 2031 1714 applicandis
2068 1665 2266 1699 camere
2296 1650 2668 1699 sententialiter
2697 1651 2925 1700 extiterit

543 1736 963 1799 condempnatuS‚
1001 1734 1212 1783 diuersis
1249 1734 1365 1797 alijs
1400 1733 1722 1796 processibus
1742 1735 2017 1785 nonnullas
2042 1735 2331 1798 spirituales
2361 1742 2413 1784 ct
2438 1735 2747 1799 temporales
2767 1751 2925 1798 penas

544 1830 595 1869 et
630 1822 913 1869 sentencias
963 1820 1355 1881 continentibus,
1413 1820 1681 1868 occasione
1732 1819 2021 1868 huiusmodi
2082 1820 2443 1870 nichilominus
2502 1819 2691 1869 habitis
2745 1829 2926 1870 contra

543 1920 675 1954 eum.
745 1903 853 1953 Nos
890 1905 1153 1968 cupientes
1190 1905 1324 1966 quod
1361 1919 1513 1967 super
1547 1904 1736 1952 eisdem
1774 1905 2067 1953 excessibus
2104 1905 2409 1954 exhibeatur
2443 1906 2486 1954 si
2523 1906 2712 1953 ueritas
2744 1905 2926 1955 suffra-

544 1999 691 2052 getur
725 1989 970 2039 relatibus
1006 1989 1208 2039 iusticie
1244 1989 1691 2051 complementum,
1726 1998 1778 2036 ct
1813 1990 1965 2037 etiam
2001 1989 2134 2037 dicte
2171 1990 2482 2051 quantitates
2519 1991 2731 2053 pecunie
2791 1992 2924 2040 dicte

543 2088 741 2122 camere
776 2074 981 2122 nomine
1018 2073 1082 2122 ab
1118 2074 1299 2122 eodem
1336 2074 1577 2138 episeopo
1615 2074 1904 2135 exigantur,
1942 2073 2231 2122 discretioni
2268 2081 2437 2122 nostre
2498 2089 2589 2136 per
2640 2076 2926 2138 apostolica

542 2159 732 2222 scripta
767 2158 1131 2207 committimus
1168 2166 1219 2206 et
1253 2158 1552 2207 mandamus
1588 2158 1824 2221 quatinus
1862 2171 1953 2205 uos
1989 2158 2074 2205 uel
2109 2157 2239 2206 alter
2273 2165 2500 2206 uestrum
2547 2174 2637 2222 per
2693 2175 2787 2209 uos
2842 2161 2925 2210 uel

542 2242 698 2291 alium
734 2256 825 2290 seu
860 2242 987 2291 alios
1024 2243 1295 2291 summarie
1331 2243 1625 2306 simpliciter
1659 2250 1710 2291 et
1744 2244 1806 2291 de
1841 2242 1997 2306 plano
2033 2257 2094 2290 ac
2129 2242 2236 2290 sine
2261 2242 2474 2306 strepitu
2493 2249 2545 2292 et
2561 2244 2726 2307 figura
2749 2246 2920 2308 iudicij

543 2326 810 2376 ueritatem
845 2326 1141 2389 diligencius
1179 2341 1330 2390 super
1364 2328 1604 2390 predictis
1641 2336 1693 2376 et
1727 2342 1789 2375 ea
1823 2326 2149 2388 tangentibus
2186 2327 2497 2389 inquirentes
2534 2328 2577 2376 si
2613 2329 2761 2379 uobis
2795 2345 2924 2381 con-

543 2412 729 2460 stiterit
764 2412 826 2460 de
862 2411 1136 2475 premissis,
1172 2413 1387 2461 eundem
1416 2413 1723 2476 episcopum·
1770 2412 1836 2460 ad
1896 2410 2311 2461 satisfaciendum
2365 2412 2501 2461 dicto
2555 2415 2804 2464 canonico
2861 2417 2924 2464 de

541 2496 778 2559 predictis
814 2495 1012 2557 iniurijs
1050 2505 1102 2544 et
1136 2497 1430 2546 excessibus
1467 2504 1814 2558 competenter
1847 2496 2041 2559 sibique
2079 2497 2323 2545 beneficia
2358 2505 2410 2546 et
2443 2497 2578 2547 bona
2630 2513 2724 2547 sua
2779 2501 2925 2549 resti-

543 2582 784 2630 tuendum
822 2595 1021 2630 necnon
1054 2581 1120 2629 ad
1156 2582 1460 2631 soluendum
1494 2583 1627 2631 dicte
1664 2596 1864 2630 camere
1901 2581 2111 2645 pecunie
2149 2582 2458 2645 quantitates
2495 2584 2767 2645 predictaS,
2805 2600 2926 2634 auc-

542 2666 751 2715 toritate
787 2674 961 2715 nostra
996 2665 1339 2730 appellatione
1374 2669 1664 2733 postposita
1699 2667 2035 2729 compellatis.
2105 2666 2226 2717 Non
2262 2661 2582 2717 obstantibus
2606 2665 2925 2727 (constituti-

544 2747 747 2811 onibus)
783 2750 945 2800 selicis
998 2752 1366 2802 recordationis
1419 2751 1674 2815 Bonifacij
1732 2768 1864 2816 pape
1917 2753 2039 2815 xiij.
2100 2753 2477 2816 predecessoris
2530 2755 2693 2804 nostri
2743 2756 2925 2819 quibus

544 2847 768 2897 cauetur,
804 2852 868 2885 ne
904 2836 1086 2898 aliquis
1124 2844 1273 2885 extra
1307 2852 1425 2885 suas
1462 2837 1721 2886 ciuitatem
1758 2846 1811 2886 et
1848 2837 2074 2886 diocesin
2110 2837 2205 2886 nisi
2242 2838 2293 2887 in
2329 2839 2480 2887 certis
2518 2842 2744 2904 exceptis
2794 2842 2924 2889 casi-

543 2923 653 2982 bus,
690 2932 742 2970 ct
774 2922 829 2970 in
863 2921 963 2970 illis
1001 2922 1138 2970 ultra
1175 2937 1327 2970 unam
1364 2922 1551 2970 dietam
1589 2937 1620 2970 a
1654 2922 1755 2970 fine
1790 2938 1880 2971 sue
1916 2923 2133 2972 diocesis
2170 2923 2236 2970 ad
2271 2922 2513 2971 iudicium
2564 2935 2821 2988 euocetur,
2875 2934 2927 2974 et

544 3017 649 3055 tam
685 3008 747 3055 de
784 3007 981 3055 duabus
1017 3006 1165 3055 dietis
1202 3006 1253 3054 in
1289 3006 1503 3054 consilio
1541 3007 1767 3068 generali
1803 3022 1954 3070 quam
1990 3006 2106 3068 alijs
2155 3006 2605 3057 constitutionibus
2665 3025 2697 3057 a
2747 3010 2925 3073 prede-

543 3091 826 3140 cessoribus
862 3092 1050 3140 nostris
1085 3091 1328 3140 Romanis
1366 3091 1689 3154 pontificibus
1726 3090 1873 3138 editis
1910 3105 2006 3152 que
2043 3099 2211 3139 uestrc
2266 3100 2477 3155 possent
2529 3093 2580 3141 in
2636 3094 2731 3142 hac
2779 3102 2924 3157 parte

542 3176 878 3224 iurisdictioni
915 3175 1298 3238 quomodolibet
1334 3176 1559 3225 obuiare.
1630 3176 1732 3226 Seu
1770 3176 1810 3224 si
1848 3177 1893 3224 ei
1930 3191 1961 3224 a
2009 3176 2129 3224 sede
2186 3176 2476 3238 apostolica
2527 3177 2594 3226 sit
2649 3178 2921 3238 indultum,

543 3263 676 3323 quod
712 3260 944 3310 interdici
981 3261 1219 3324 suspendi
1258 3261 1342 3309 uel
1377 3262 1756 3310 excomunicari
1795 3275 1898 3309 non
1933 3260 2097 3323 possit
2130 3275 2221 3324 per
2255 3261 2452 3310 litteras
2488 3262 2798 3326 apostolicas
2818 3278 2924 3312 non

543 3346 788 3395 facientes
824 3347 1026 3410 plenam
1063 3354 1114 3393 et
1149 3360 1445 3408 expressam
1482 3359 1541 3393 ac
1579 3347 1640 3395 dc
1676 3347 1835 3395 uerbo
1872 3346 1937 3393 ad
1996 3345 2209 3394 uerbum
2262 3345 2324 3394 de
2374 3345 2576 3395 indulto
2632 3346 2922 3397 huiusmodi

544 3432 862 3480 mentionem.
934 3430 989 3480 Si
1025 3445 1147 3480 uero
1184 3429 1411 3494 prefatus
1448 3430 1718 3496 episcopus
1750 3446 1809 3484 se
1846 3444 1998 3491 super
2031 3430 2271 3494 predictis
2310 3438 2666 3480 contumacem
2703 3430 2922 3481 forsitan

544 3516 832 3565 exhibuerit
866 3526 918 3564 et
951 3515 1194 3565 rebellem
1229 3514 1395 3578 ipsum
1432 3516 1620 3565 citandi
1656 3515 2011 3580 peremptorie,
2049 3524 2106 3564 ut
2142 3524 2280 3564 certo
2318 3516 2535 3566 termino
2574 3517 2754 3579 dequo
2775 3518 2922 3566 uobis

545 3602 798 3649 uidebitur
833 3601 927 3649 sibi
964 3616 1114 3664 super
1149 3602 1246 3650 hoc
1280 3601 1577 3664 prefigendo
1613 3600 1901 3664 apostolico
1939 3599 2233 3663 conspectui
2268 3601 2606 3664 personaliter
2640 3616 2694 3650 se
2720 3617 2923 3665 presen-

544 3694 619 3735 tet
653 3701 744 3749 pro
782 3686 1038 3735 demeritis
1076 3694 1370 3749 recepturus
1407 3694 1458 3734 et
1492 3684 1720 3735 facturus
1757 3685 1895 3748 quod
1946 3684 2149 3732 iusticia
2190 3685 2424 3734 suadebit
2476 3701 2536 3734 ac
2587 3684 2734 3734 nobis
2791 3687 2923 3735 diem

544 3772 802 3821 citationis
837 3771 1130 3820 huiusmodi
1166 3778 1217 3819 et
1252 3770 1482 3831 formam,
1520 3778 1571 3819 et
1605 3784 1782 3819 eorum
1819 3784 1916 3832 que
1950 3769 2004 3818 in
2038 3768 2294 3832 premissis
2330 3768 2551 3819 feceritis
2586 3785 2679 3834 per
2736 3772 2923 3819 instru-

544 3865 769 3906 mentum
804 3856 1064 3920 publicum
1099 3857 1281 3905 harum
1316 3857 1498 3906 seriem
1534 3855 1816 3914 continenS,
1852 3854 2136 3915 intimandi,
2173 3854 2317 3904 uobis
2354 3862 2406 3904 et
2439 3861 2669 3904 uestrum
2715 3855 2924 3904 cuilibet

542 3942 832 4001 insolidum,
867 3942 1069 4004 plenam
1105 3942 1431 3990 concedimus
1467 3947 1642 3990 tenore
1677 3939 1995 4004 presencium
2030 3937 2344 3990 facultatem.
2413 3940 2610 3990 Datum
2663 3940 2921 3991 Auinione

545 4043 613 4075 .x.
651 4026 755 4075 kal.
794 4026 1035 4077 Octobris
1071 4026 1396 4088 pontificatus
1432 4028 1595 4076 nostri
1630 4040 1767 4076 anno
1802 4020 1903 4088 xj0.

1030 4108 1130 4155 (Vnt.
1161 4110 1252 4156 neg.
1282 4110 1389 4151 Secr.
1417 4111 1501 4148 Joh.
1532 4111 1646 4149 xxn.
1674 4111 1717 4151 T.
1750 4111 1809 4148 vt.
1839 4120 1900 4147 an.
1931 4109 1996 4149 ΧΙ.
2029 4109 2094 4147 sol.
2122 4107 2184 4148 64.
2214 4120 2272 4158 ep.
2305 4106 2429 4153 1005).

1216 4337 1311 4393 62.
1406 4335 1582 4393 1326.
1675 4334 1831 4392 22de
1876 4335 2232 4409 September.

679 4450 945 4500 «Iohannes
982 4450 1253 4514 episcopus
1290 4469 1327 4499 s.
1367 4467 1405 4499 s.
1446 4452 1492 4500 d.
1532 4451 1730 4499 dilectis
1765 4450 1885 4512 filijs
1922 4449 2150 4500 Johanni
2189 4450 2250 4497 de
2288 4449 2497 4510 Semne,
2522 4451 2678 4514 priori
2703 4449 2919 4499 fratrum

544 4539 732 4585 ordinis
769 4538 1142 4598 predicatorum
1180 4537 1240 4583 de
1276 4535 1509 4598 Figiaco‚
1546 4543 1597 4583 et
1631 4536 1897 4583 Bernardo
1957 4537 2018 4583 dc
2079 4533 2293 4594 Ortolis,
2346 4536 2529 4582 rectori
2589 4534 2800 4583 ecclesie
2855 4536 2917 4583 de

541 4619 844 4681 Noualibus,
883 4619 1205 4670 Caturcensis
1243 4630 1293 4669 et
1328 4621 1614 4669 Electensis
1651 4621 1945 4681 diocesium,
1982 4619 2262 4683 apostolice
2300 4620 2433 4667 sedis
2453 4618 2669 4681 nuncijs,
2697 4619 2916 4669 salutem

544 4714 596 4755 et
631 4706 969 4770 apostolicam
1006 4706 1429 4756 benedictionem.
1502 4704 1627 4756 Cvm
1665 4721 1697 4754 a
1730 4705 2102 4755 venerabilibus
2139 4703 2378 4753 fratribus
2416 4704 2604 4753 nostris
2641 4738 2652 4752 .
2692 4704 2918 4753 ‚archie-

2436 4777 2509 4834 12
