3534 5361
1636 341 1751 399 113

519 528 618 585 ubi
664 527 840 585 uellet
885 528 1042 604 quod
1079 526 1185 585 sibi
1234 528 1499 584 deberem
1547 545 1852 584 occurrere
1898 535 1954 583 et
1993 525 2140 585 solui
2182 507 2340 584 dicto
2368 526 2602 585 Nuncio
2637 535 2755 583 tam
2779 544 2884 602 pro

521 629 785 704 expensis
829 646 1002 705 quam
1048 647 1155 704 pro
1199 628 1374 686 maris
1432 627 1677 685 transitu
1741 634 1799 684 et
1861 646 1970 702 pro
2024 627 2223 685 labore
2266 645 2372 684 suo
2421 654 2492 664 —
2542 646 2654 684 .xv.
2700 646 2883 703 gross,

520 726 936 788 Turonenses¹.

686 831 835 888 Item
881 813 1012 905 .xrj.
1059 830 1166 888 die.
1209 829 1447 905 Aprilis.
1507 830 1631 887 misi
1674 848 1851 886 vnum
1890 829 2542 905 nuncium'Malmeghe
2565 839 2621 886 et
2645 830 2887 890 Scanor.
2918 843 3085 883 rotavi».

521 933 598 989 ad
645 932 934 989 citandum
1001 931 1240 989 heredes
1307 930 1402 986 dfii
1470 929 1642 989 Olaui
1711 931 2002 1005 quondam
2071 930 2333 988 canonici
2398 931 2721 988 Lundensis
2788 931 2886 1005 qui

521 1032 706 1090 fuerat
750 1032 1024 1090 collector
1071 1032 1289 1088 decime
1334 1030 1665 1088 sexannalis
1710 1051 1813 1106 per
1858 1031 2003 1089 duos
2047 1051 2228 1089 annos
2285 1032 2342 1087 in
2409 1032 2658 1106 quadam
2724 1041 2889 1106 parte

523 1135 766 1193 diocesis
809 1132 1149 1191 LundensiS.
1194 1132 1339 1189 solui
1387 1132 1540 1189 dicto
1585 1132 1797 1189 nuncio
1853 1161 1912 1168 -
1970 1132 2108 1206 .iiijqf
2134 1152 2315 1207 gross.
2357 1134 2743 1190 Turonenses.

691 1236 836 1293 Item
877 1235 1002 1292 misi
1047 1234 1382 1309 Malmeghe
1413 1253 1586 1290 vnum
1632 1233 1806 1290 alium
1846 1234 2115 1290 nuncium
2153 1253 2282 1290 cum
2306 1234 2507 1291 litteris
2531 1234 2669 1292 meis
2693 1243 2893 1292 contra

524 1337 788 1395 consules
834 1336 969 1393 dicti
1013 1335 1126 1392 loci
1172 1336 1271 1411 qui
1317 1335 1597 1392 decimam
1641 1333 1795 1393 illius
1840 1335 2080 1392 ecclesie
2126 1336 2446 1393 retinebant
2492 1348 2549 1392 et
2593 1336 2722 1392 dedi
2785 1335 2891 1393 sibi

526 1438 947 1513 —-.ij.g1·0ss.
998 1437 1383 1494 Turonenses.

690 1540 837 1595 Item
884 1539 1049 1595 .xix¹1⁸
1095 1538 1185 1594 die
1230 1537 1467 1613 Aprilis.
1510 1536 1721 1593 recessi
1780 1537 1849 1592 de
1912 1537 2134 1595 Lundis
2195 1556 2395 1595 uersus
2458 1536 2894 1596 Roskildensem

526 1641 811 1698 diocesem
853 1650 907 1697 et
950 1639 1097 1697 solui
1144 1658 1248 1714 pro
1294 1639 1560 1714 expensis
1606 1638 1973 1696 conductoris
2012 1668 2092 1676 -—
2138 1658 2249 1695 .xv.
2296 1658 2478 1713 gross.
2507 1639 2895 1696 TuronenseS.

693 1742 837 1797 Item
883 1741 1030 1798 solui
1075 1747 1179 1816 pro
1224 1741 1357 1798 naui
1405 1759 1534 1798 cum
1576 1758 1692 1814 qua
1735 1740 1974 1796 transiui
2022 1759 2176 1796 mare
2234 1741 2304 1796 de
2351 1739 2563 1798 Scania
2624 1739 2681 1796 in
2748 1740 2894 1799 Sial-

527 1843 755 1899 endiam
801 1853 855 1898 et
902 1860 1032 1898 cum
1077 1862 1192 1918 qua
1238 1842 1388 1899 idem
1434 1841 1753 1898 conductor
1797 1859 1957 1898 meus
2014 1859 2279 1899 reuersus
2336 1841 2441 1898 fuit
2506 1842 2581 1898 ad
2626 1842 2895 1901 Scaniam

527 1970 607 1978 --
655 1941 806 2016 .ΧΧῇ.
853 1960 1035 2017 grOSS.
1081 1944 1467 2001 Turonenses.

698 2045 839 2100 Item
884 2043 1015 2099 dedi
1055 2043 1151 2100 vni
1197 2043 1436 2119 pauperi
1483 2042 1799 2118 presbitero
1846 2042 1999 2099 eunti
2047 2042 2121 2098 ad
2166 2043 2383 2100 curiam
2440 2044 2761 2101 Romanam
2797 2063 2900 2119 per

529 2163 699 2218 quem
742 2144 1062 2219 significaui
1107 2145 1222 2201 dfio
1268 2164 1396 2202 meo
1442 2144 1556 2200 dfio
1601 2142 1935 2202 Camerario
1981 2145 2054 2201 ad
2096 2144 2343 2201 Daciam
2401 2164 2490 2201 me
2547 2145 2773 2203 uenisse
2824 2172 2896 2181 —

528 2243 710 2319 ,xiiij‘zr
734 2264 916 2321 gross.
960 2246 1346 2304 Turonenses.

697 2346 844 2402 Item
890 2347 981 2404 die
1026 2348 1170 2422 ,xij
1214 2347 1434 2423 Aprilis
1480 2347 1604 2404 misi
1651 2348 1721 2404 de
1767 2346 1971 2404 Hafnis
2015 2346 2090 2402 ad
2136 2346 2424 2403 ciuitatem
2460 2344 2900 2405 Roskildensem

529 2448 874 2522 requirendo
923 2448 1256 2524 Capitulum
1303 2458 1359 2506 et
1402 2448 1651 2505 vicarios
1709 2447 1807 2504 dni
1873 2447 2170 2523 Episcopi,
2236 2448 2363 2523 ipso
2426 2449 2542 2504 dfio
2612 2448 2902 2523 Episcopo

534 2548 741 2606 ibidem
787 2570 902 2607 non
950 2551 1248 2623 existente,
1291 2560 1354 2608 vt
1393 2550 1533 2606 'mihi
1577 2549 1947 2625 prouiderent
2011 2549 2081 2605 de
2144 2568 2349 2606 securo
2416 2550 2705 2607 conductu
2773 2569 2904 2607 cum

529 2668 645 2725 quo
689 2670 915 2727 possem
963 2652 1160 2710 uenire
1204 2652 1276 2709 ad
1317 2652 1510 2710 locum
1572 2651 1671 2708 ubi
1737 2660 1862 2708 erat
1926 2650 2032 2707 dfis
2097 2650 2423 2727 Episcopus
2487 2651 2901 2710 Roskildensis.

534 2752 663 2809 dedi
709 2753 920 2811 nuncio
977 2782 1037 2790 -
1095 2754 1207 2830 .vij.
1251 2753 1571 2828 sterlingOS.

700 2854 848 2911 Item
895 2854 1008 2928 .vj‘?
1040 2854 1133 2911 die
1175 2854 1336 2929 Maij.
1396 2873 1663 2912 reuersus
1714 2851 1795 2909 fui
1860 2853 1931 2908 de
1998 2852 2291 2911 Sialendia
2358 2854 2430 2908 ad
2497 2852 2765 2912 Scaniam
2833 2854 2908 2910 ad

535 2955 884 3012 audiendum
929 2955 1191 3012 raciones
1219 2954 1609 3014 Collectorum
1652 2953 1871 3010 decime
1915 2953 2242 3010 sexannalis
2289 2953 2528 3011 collecte
2570 2954 2627 3009 in
2673 2955 2908 3012 ciuitate

537 3065 594 3111 et
637 3055 851 3112 diocesi
896 3055 1316 3114 LundensibuS.
1365 3056 1510 3115 solui
1559 3076 1663 3133 pro
1709 3055 1845 3112 naui
1892 3074 2022 3112 cum
2068 3073 2184 3130 qua
2227 3054 2466 3112 transiui
2502 3073 2658 3112 mare
2688 3081 2754 3090 —
2790 3054 2907 3129 .xij.

536 3175 715 3232 grOSS.
762 3153 1178 3215 Turonenses2.
1322 3232 1326 3235 .
2021 3150 2030 3160 ”

706 3259 850 3314 Item
895 3257 1025 3314 dedi
1071 3258 1376 3316 domicello
1421 3259 1520 3335 qui
1565 3278 1654 3314 me
1698 3258 1973 3315 conduxit
2021 3285 2090 3294 --
2156 3276 2268 3313 .xv.
2314 3276 2495 3333 gross.
2539 3257 2909 3316 Turonenses
2938 3279 3110 3320 roman.

543 3369 733 3434 preter
777 3377 1058 3433 expensas
1102 3379 1248 3434 quas
1291 3360 1396 3418 sibi
1439 3359 1546 3418 feci
1593 3369 1649 3417 et
1692 3359 1904 3416 famulo
1949 3379 2054 3417 suo
2098 3378 2203 3434 per
2245 3378 2315 3416 .v.
2361 3358 2497 3416 dies.

708 3459 857 3517 Item
903 3459 1034 3535 .viij.
1064 3461 1154 3518 die
1199 3461 1358 3536 Maij.
1402 3462 1529 3519 misi
1573 3480 1749 3518 vnum
1795 3444 2066 3520 nuncium
2112 3460 2187 3516 ad
2232 3460 2367 3517 diim
2412 3460 2908 3535 archiepiscopum

542 3560 908 3617 Lundensem
954 3562 1051 3637 qui
1096 3570 1413 3620 recesserat
1457 3563 1531 3618 ad
1577 3572 1827 3620 castrum
1873 3581 2040 3619 suum
2084 3563 2159 3618 ad
2190 3561 2447 3635 jnsulam
2493 3562 2565 3618 de
2607 3561 2909 3618 Boranda-

544 3660 713 3718 holm.
761 3662 1055 3737 requirens
1101 3683 1230 3720 eum
1276 3675 1339 3719 vt
1381 3665 1601 3722 veniret
1665 3664 1968 3721 auditurus
2033 3663 2292 3721 raciones
2360 3663 2733 3721 collectorum
2799 3681 2913 3717 vna

547 3781 769 3819 mecum
815 3763 913 3838 qui
959 3765 1254 3840 respondit
1297 3784 1411 3821 non
1457 3784 1626 3841 posse
1671 3766 1867 3822 venire
1912 3775 2147 3843 propter
2189 3765 2573 3821 infirmitatem
2612 3760 2911 3820 oculorum

546 3882 721 3940 quam
765 3858 1118 3939 paciebatur.
1166 3865 1296 3923 dedi
1340 3864 1553 3922 famulo
1598 3893 1680 3901 —
1726 3865 1855 3940 .viij.
1898 3886 2079 3942 gross
2126 3867 2512 3924 TuronenseS.

718 3967 860 4022 Item
904 3966 1051 4024 solui
1096 3987 1200 4042 pro
1241 3967 1374 4041 .viij.
1420 3967 1665 4043 pellibus
1709 3968 2040 4043 pergameni
2086 3987 2191 4042 pro
2237 3966 2437 4024 litteris
2483 3976 2539 4024 et
2581 3965 2914 4024 racionibus

549 4068 994 4126 transcribendis
1044 4096 1111 4106 —-
1166 4089 1239 4125 .x.
1283 4086 1462 4142 grossi.
1508 4069 1892 4126 Turonenses.

621 4245 639 4274 ¹
677 4250 783 4298 Her
817 4249 1007 4313 tilfejes
1043 4266 1143 4315 paa
1176 4251 1357 4301 Foden
1392 4249 1450 4299 af
1480 4250 1659 4301 Siden:

1515 4337 1600 4384 .ix.
1636 4336 1811 4385 floren.
1849 4335 1974 4383 auri.

679 4398 803 4467 [ap]
843 4404 1053 4454 Summa
1086 4404 1236 4452 huius
1273 4350 1613 4516 paginegwij.
1651 4403 1895 4465 sterlingi.

1513 4471 1583 4533 .ij.
1622 4472 1717 4520 sol.
1755 4478 1808 4519 et
1844 4469 1961 4531 .viij.
2000 4471 2113 4518 den.
2152 4485 2312 4531 gros&
2348 4470 2738 4520 Turonensium.

619 4551 643 4580 ²
678 4556 786 4604 Her
817 4557 1036 4618 ligesaa:

1514 4657 1575 4689 .v.
1613 4640 1706 4689 sol.
1745 4648 1796 4688 et
1832 4641 1919 4687 .ix.
1959 4640 2072 4687 den.
2113 4654 2274 4701 gross.
2312 4639 2704 4688 Turonensium.

678 4670 804 4738 [ap.]
842 4675 1052 4724 Summa
1086 4676 1236 4724 huius
1275 4677 1458 4738 pagine
1480 4637 1617 4771 {.vij.
1658 4706 1907 4769 amlingi-

2482 4779 2520 4834 8
