3534 5361
1658 385 1773 441 117

701 572 873 632 ¹Item
919 573 1043 632 misi
1087 572 1375 630 Jacobum
1426 570 1696 627 clericum
1742 589 1931 627 meum
1978 570 2032 627 in
2099 570 2431 626 Flandriam
2497 590 2604 646 pro
2648 568 2901 644 negocijs

528 677 623 734 dni
672 677 845 734 nostri
894 696 1049 752 pape
1091 674 1299 731 ibidem
1350 671 1738 746 expediendis,
1786 682 1842 729 et
1906 672 2060 728 stetit
2126 692 2228 747 per
2271 671 2406 727 .xix.
2451 671 2801 746 septimanas
2846 672 2898 727 in

528 779 620 834 via
667 790 720 834 et
766 776 1039 852 expendit
1082 805 1154 812 -·--
1213 772 1428 847 xxxiij.
1479 773 1582 830 sol.
1628 791 1810 848 gross.
1859 773 2300 830 Turonensium.

694 880 833 936 ltem
886 876 997 950 .vj¹.⁸
1031 877 1125 932 die
1167 875 1415 948 Augusti
1463 874 1571 931 emi
1620 874 1821 950 Lybici
1870 874 2011 948 ‚iiij‘l'
2062 874 2240 948 pelles
2286 872 2617 948 pergameni
2662 892 2766 947 pro
2815 874 2898 929 di-

527 978 705 1036 uersis
748 978 1045 1055 scripturis
1090 985 1146 1033 et
1189 976 1334 1032 solui
1384 995 1488 1050 pro
1535 975 1614 1032 eis
1659 1005 1732 1013 —
1789 975 1883 1049 .iij.
1930 993 2113 1050 gross.
2161 975 2544 1032 Turonenses.

693 1080 838 1136 Item
884 1079 1030 1136 solui
1075 1097 1179 1152 pro
1216 1096 1331 1132 vna
1374 1074 1539 1134 *sera
1584 1078 1946 1135 neccessaria
1989 1077 2190 1152 Lybici
2215 1095 2320 1151 pro
2346 1078 2519 1133 archa
2549 1076 2791 1151 depositi
2816 1103 2897 1113 —

531 1179 643 1254 .iiij.
690 1199 917 1254 grossos
963 1180 1348 1237 TuronenseS.

692 1280 838 1336 Item
886 1281 976 1337 die
1023 1287 1140 1336 .x'!¹'¹
1171 1278 1422 1353 Augusti
1469 1278 1615 1335 solui
1660 1298 1766 1354 pro
1814 1280 2101 1335 conductu
2150 1279 2219 1334 de
2266 1277 2500 1335 ciuitate
2544 1278 2779 1352 Ripensi
2841 1279 2896 1335 in

525 1382 711 1440 Dacia
752 1401 935 1457 usque
980 1381 1053 1437 ad
1100 1381 1391 1437 ciuitatem
1449 1373 1828 1455 Lybiccusem
1875 1380 1931 1436 in
1977 1378 2286 1436 Alamania
2319 1406 2400 1414 --
2438 1378 2529 1452 .vj.
2574 1379 2676 1436 sol.
2721 1397 2900 1454 gross.

530 1482 974 1541 Turonensium.

690 1582 836 1638 Item
882 1602 987 1657 pro
1034 1582 1298 1657 expensis
1344 1581 1712 1639 conductoris
1774 1600 1875 1656 per
1920 1579 2052 1654 .viij.
2101 1580 2222 1636 dies
2289 1579 2434 1636 solui
2509 1615 2570 1621 —
2653 1579 2741 1653 .iij.
2786 1581 2893 1638 sol.

523 1703 702 1758 gross.
749 1678 1227 1740 Turonensium‘2.

692 1785 855 1841 Item.
904 1783 995 1841 die
1044 1802 1156 1839 ..xv
1205 1783 1476 1857 Augusti,
1519 1759 1837 1856 significaui
1893 1782 2008 1837 dfio
2053 1791 2247 1839 nostro
2294 1802 2444 1858 pape
2488 1795 2726 1843 mortem
2795 1787 2891 1843 dni

525 1884 820 1943 Cristofori
863 1884 1041 1958 Regis
1085 1884 1270 1940 Dacie
1316 1892 1371 1940 et
1417 1884 1547 1939 dedi
1615 1884 1825 1940 nuncio
1893 1903 1996 1957 pro
2062 1882 2315 1940 subsidio
2382 1904 2762 1961 expensarum
2817 1924 2887 1930 --

526 2005 643 2042 xx.
704 2006 883 2060 gross.
953 1985 1321 2042 Turonenses
1378 1992 1436 2040 et
1493 2004 1775 2059 expensas
1840 2005 1942 2058 per
1984 1983 2113 2059 xiij.
2161 1984 2296 2050 dies.
2345 1987 2441 2061 qui
2488 1988 2730 2047 nuncius
2774 2000 2898 2046 erat

525 2086 620 2142 dfii
665 2085 823 2143 Petri
872 2087 942 2143 de
985 2085 1079 2142 via
1123 2095 1187 2142 ut
1230 2085 1475 2142 dicebat.

694 2188 852 2244 Item.
899 2188 989 2244 die
1036 2206 1104 2243 .v.
1155 2186 1506 2261 Septembris
1550 2187 1695 2243 solui
1744 2207 1848 2262 pro
1893 2188 2067 2243 naulo
2110 2207 2213 2245 seu
2259 2208 2366 2264 pro
2413 2191 2585 2248 maris
2650 2190 2892 2249 transitu

525 2288 594 2344 de
642 2289 860 2364 Lybico
905 2307 1088 2364 usque
1134 2288 1206 2344 ad
1266 2287 1534 2347 Scaniam
1603 2288 1658 2343 in
1713 2289 1917 2363 Regno
1981 2290 2165 2346 Dacie
2230 2290 2337 2347 iter
2402 2291 2628 2366 agendo
2694 2310 2896 2350 uersus

524 2389 790 2447 Sueciam
847 2418 903 2425 —-
962 2388 1051 2463 iij.
1098 2389 1199 2446 sol.
1242 2409 1422 2465 gross.
1467 2388 1908 2446 Turonensium.

691 2492 835 2547 Item
878 2491 1026 2549 solui
1072 2490 1407 2548 ductoribus
1452 2490 1551 2565 qui
1596 2509 1686 2546 me
1732 2489 2019 2547 duxerunt
2066 2493 2136 2548 de
2179 2493 2368 2550 Dacia
2404 2493 2460 2550 in
2502 2494 2769 2554 Sueciam
2795 2515 2898 2570 per

521 2592 697 2650 siluas
743 2603 799 2650 et
841 2592 984 2650 alias
1030 2591 1157 2648 uias
1199 2591 1427 2666 ignotas
1472 2620 1551 2627 -·-
1601 2589 1732 2664 .viij.
1782 2591 1885 2648 sol.
1933 2592 2356 2667 sterlingorum.

687 2694 833 2751 Item
879 2693 1011 2767 .xxj.
1060 2691 1150 2748 die
1195 2692 1467 2750 Octobris
1509 2690 1639 2747 veni
1707 2693 1779 2747 ad
1848 2693 2149 2751 ecclesiam
2219 2697 2557 2754 Scarensem
2625 2697 2723 2753 ubi
2792 2718 2896 2754 nec

522 2795 711 2852 inueni
758 2794 1111 2870 Episcopum
1158 2812 1265 2850 nec
1311 2792 1619 2850 canonicos
1663 2813 1766 2851 seu
1832 2794 2080 2871 aliquem
2157 2797 2226 2852 de
2288 2796 2558 2871 capitu10,
2604 2797 2705 2854 sed
2774 2799 2897 2855 misi

523 2897 789 2952 nuncium
837 2896 952 2952 dfio
998 2895 1292 2970 Episcopo
1357 2896 1454 2970 qui
1515 2904 1638 2951 erat
1700 2895 1756 2952 in
1825 2894 2019 2953 officio
2085 2896 2454 2965 visitacionis,
2519 2898 2895 2972 significando

521 2980 627 3052 sibi
671 2996 985 3054 aduentum
1032 3016 1240 3065 meum,
1286 2998 1485 3070 rogaui
1534 3016 1662 3054 eum
1706 2996 1904 3054 uenire
1950 2998 2022 3053 ad
2069 2997 2368 3054 ecclesiam
2412 3017 2576 3054 suam
2604 2998 2698 3054 uel
2740 3001 2892 3073 quod

521 3097 839 3171 assignaret
897 3098 1030 3154 mihi
1088 3099 1278 3155 locum
1346 3098 1443 3154 ubi
1511 3117 1813 3155 occurrere
1882 3098 1989 3155 sibi
2059 3118 2280 3172 possem
2352 3117 2455 3171 pro
2520 3099 2898 3172 expedicione

521 3197 890 3272 negociorum
938 3209 992 3256 et
1038 3200 1167 3256 dedi
1236 3200 1388 3256 dicto
1454 3199 1686 3256 Nunc-io
1753 3220 1857 3275 pro
1919 3199 2211 3256 laboribus
2279 3198 2395 3255 suis
2449 3233 2516 3239 -—
2571 3199 2668 3272 .iij.
2716 3220 2897 3273 gross.

513 3300 906 3376 ,Turonenses

689 3399 838 3457 Item
884 3403 993 3459 emi
1039 3402 1128 3476 xj.
1177 3401 1356 3479 pelles
1402 3402 1731 3477 pergameni
1775 3421 1878 3477 pro
1916 3401 2120 3459 litteris
2154 3409 2210 3457 et
2235 3400 2598 3474 processibus
2621 3401 2897 3458 faciendis

522 3521 624 3577 pro
667 3502 877 3577 quibus
917 3504 1064 3561 solui
1114 3538 1180 3544 —-
1233 3502 1523 3559 dimidiam
1572 3521 1824 3560 marcam
1872 3503 1998 3559 den.
2044 3502 2389 3562 Sueuorum

687 3603 833 3659 Item
881 3604 989 3661 emi
1038 3604 1177 3678 iiij0.r
1204 3604 1383 3679 pelles
1429 3604 1758 3678 pergameni
1808 3625 1910 3679 pro
1956 3603 2164 3678 quibus
2206 3602 2352 3660 solui
2392 3630 2466 3638 —-
2495 3602 2585 3675 .iij.
2611 3622 2742 3661 oras
2766 3605 2894 3661 den.

524 3704 867 3764 Sueuorum.

690 3807 829 3862 Item
878 3806 1001 3863 misi
1046 3807 1318 3863 nuncium
1367 3807 1482 3862 dfio
1528 3805 1827 3863 Arosiensi
1897 3805 2192 3881 Episcopo
2257 3805 2516 3879 rogando
2581 3807 2768 3880 ipsum
2838 3816 2899 3861 ut

521 3927 610 3963 me
657 3906 986 3964 informaret
1032 3910 1104 3963 dc
1150 3907 1254 3981 hijs
1300 3927 1410 3983 que
1457 3909 1750 3964 restabant
1797 3907 1849 3962 in
1898 3907 2052 3964 dicto
2098 3907 2301 3981 Regno
2334 3907 2540 3965 Suecie
2574 3906 2898 3981 colligenda

523 4029 626 4084 pro
674 4028 902 4066 camera
948 4010 1043 4066 dni
1091 4009 1267 4066 nostri
1316 4028 1482 4084 pape,
1530 4010 1629 4084 qui
1670 4008 1962 4083 rescripsit
2011 4009 2163 4083 quod
2211 4027 2321 4063 non
2355 4017 2545 4082 posset
2571 4027 2658 4063 me
2683 4008 2896 4082 scripto

521 4109 825 4166 informare
874 4112 1057 4168 donec
1103 4110 1434 4186 loqueretur
1492 4110 1623 4166 mihi
1693 4110 1931 4167 oraculo
1997 4111 2129 4166 viuc
2197 4108 2358 4166 uocis
2424 4120 2479 4165 et
2546 4108 2676 4164 dedi
2745 4108 2896 4164 dicto

523 4211 733 4269 nuncio
787 4240 848 4248 -
907 4211 954 4286 .j.
1002 4231 1176 4269 marc.
1222 4230 1352 4268 cum
1400 4209 1635 4266 dimidia
1681 4211 1809 4268 den.
1856 4206 2230 4270 Sueuorum³.

594 4355 607 4384 ¹
648 4360 754 4410 Her
790 4376 844 4410 er
878 4362 893 4409 i
930 4361 1146 4425 Margen
1183 4362 1300 4409 med
1335 4375 1397 4408 en
1435 4361 1600 4408 auden
1636 4360 1820 4409 Haand
1859 4359 2064 4422 tilfajet:
2104 4354 2372 4422 „attende.“

588 4441 614 4470 ²
648 4445 711 4494 H.
750 4454 786 4494 t.
843 4441 965 4509 [ap.]
1005 4445 1214 4495 Summa
1248 4445 1397 4494 huius
1434 4445 1616 4508 pagine
1655 4468 1715 4476 -
1754 4442 1932 4523 xliiijqr
1982 4443 2074 4492 sol.
2116 4452 2167 4491 et
2204 4441 2303 4504 .vij.
2342 4444 2452 4492 den.
2495 4457 2655 4505 gross.
2694 4441 2895 4491 Turon-

1761 4526 1971 4560 ensium.

1686 4595 1805 4656 xiij.
1844 4596 1937 4644 sol.
1976 4595 2348 4658 sterlingorum.

591 4659 611 4687 ³
638 4664 699 4712 H.
741 4672 775 4713 t.
841 4660 977 4728 [ap.]
1017 4665 1227 4715 Summa
1260 4665 1408 4712 huius
1447 4610 1714 4764 pagine{
1686 4663 1792 4725 iiij.
1832 4663 1924 4711 sol.
1965 4670 2015 4711 et
2051 4662 2138 4724 xj.
2178 4665 2289 4711 den
2319 4677 2484 4723 gross.
2504 4660 2895 4710 Turonensium.

1686 4731 1753 4793 .ij.
1792 4746 1945 4780 marc.
1984 4740 2035 4778 et
2074 4731 2156 4792 .iij
2202 4746 2273 4779 or.
2309 4737 2511 4779 monete
2547 4730 2779 4780 Sueuice.

2929 1787 3097 1828 t01.80.b.
