3534 5361
1755 378 1833 434 83

608 563 759 619 modi
804 563 1024 621 fructus
1068 562 1325 620 redditus
1369 572 1426 620 et
1476 572 1794 638 prouentus
1852 562 1948 619 uel
2012 562 2244 619 residua
2310 562 2365 619 in
2433 561 2663 620 statutis
2728 563 2802 619 ad
2866 563 2977 620 hoc

604 663 859 721 terminis
903 682 1016 720 non
1063 663 1386 734 soluissent,
1427 663 1770 720 beneficium
1813 661 2201 720 absolucionis
2246 662 2409 721 iuxta
2451 663 2690 719 formam
2737 662 2978 720 ecclesie

579 763 923 839 impendas,
967 783 1095 821 cum
1144 765 1223 821 eis
1269 783 1443 839 super
1485 764 1911 838 irregularitate
1966 783 2139 839 quam
2197 763 2370 839 ligati
2437 763 2603 821 dictis
2670 764 2977 822 sentenciis

605 865 950 922 celebrando
993 865 1190 922 diuina
1233 865 1327 922 uel
1369 865 1743 922 immiscendo
1789 885 1849 921 se
1894 865 2006 922 illis
2059 864 2293 922 forsitan
2353 865 2793 935 contraxissent,
2837 884 2975 923 auc-

604 965 833 1022 toritate
879 976 1075 1024 nostra
1118 967 1520 1025 nichilominus
1565 966 2012 1024 misericorditer
2070 966 2471 1041 dispensando,
2539 966 2758 1022 Datum
2826 966 2973 1023 Aui-

602 1065 771 1123 nione
815 1067 928 1142 .iiij.
973 1068 1249 1126 kalendas
1294 1067 1594 1142 Februarij
1639 1068 2021 1126 Pontificatus
2065 1068 2243 1126 nostri
2290 1087 2441 1125 anno
2487 1067 2628 1124 ‚xvi‘t

767 1270 1066 1329 Johannes
1112 1272 1417 1347 episcopus
1460 1290 1663 1328 seruus
1704 1289 2004 1327 seruorum
2033 1270 2141 1342 dei,
2166 1270 2396 1327 Dilecto
2441 1270 2557 1326 filio
2602 1270 2780 1326 Petro
2821 1268 2971 1328 Ger-

600 1370 742 1444 uasij
791 1374 1070 1430 canonico
1114 1372 1444 1431 Vinariensi
1494 1371 1810 1448 apostolice
1853 1372 2005 1429 sedis
2051 1371 2283 1442 nuncio,
2334 1372 2593 1431 Salutem
2640 1381 2697 1429 et
2739 1380 2972 1446 aposto-

599 1472 768 1529 licam
814 1475 1300 1532 benediccionem.
1345 1474 1584 1530 Dudum
1631 1472 1705 1529 ad
1751 1473 2092 1548 multiplicia
2137 1493 2521 1549 expensarum
2552 1472 2972 1548 *honera,qui-

576 1575 706 1631 bus
752 1595 855 1633 nos
901 1590 957 1633 et
1001 1577 1246 1634 ecclesia
1289 1577 1554 1634 Romana
1597 1576 2007 1651 grauabamur,
2040 1574 2189 1632 sicut
2232 1576 2420 1632 adhuc
2465 1594 2779 1650 grauamur
2827 1575 2972 1632 mul-

600 1676 885 1751 tipliciter,
931 1678 1127 1736 utilius
1169 1678 1500 1747 releuanda,
1543 1676 1782 1747 fructus,
1826 1677 2104 1749 redditus,
2151 1686 2207 1734 et
2251 1688 2565 1752 prouentus
2626 1677 2795 1753 primi
2836 1677 2970 1734 anni

599 1778 851 1835 omnium
900 1790 957 1836 et
998 1780 1355 1855 singulorum
1415 1780 1829 1836 beneficiorum
1892 1779 2410 1846 ecelesiasticorum
2473 1798 2603 1836 cum
2673 1798 2813 1836 cura
2876 1779 2972 1835 uel

598 1879 720 1936 sine
765 1900 922 1953 cura,
962 1881 1136 1938 etiam
1183 1881 1544 1956 dignitatum,
1588 1891 2001 1956 personatuum
2059 1890 2115 1935 et
2175 1877 2496 1937 officiorum
2563 1880 2972 1955 quorumlibet,

599 1980 1138 2054 ecclesiasticorum,
1178 1982 1674 2052 monasteriorum,
1698 1983 2060 2058 prioratuum
2103 1990 2159 2036 et
2202 1981 2446 2037 aliorum
2489 2001 2969 2057 quorumcunque

599 2080 856 2138 locorum
897 2083 1416 2142 ecclesiasticorum
1462 2094 1577 2140 tam
1625 2083 1972 2142 secularium
1997 2101 2170 2156 quam
2196 2082 2546 2157 regularium
2573 2075 2972 2158 exemptorum

601 2192 655 2239 et
699 2202 812 2239 non
859 2195 1258 2260 exemptorum
1305 2205 1418 2283 que
1463 2185 1518 2241 in
1565 2185 1897 2243 ciuitatibus
1943 2192 1999 2240 et
2044 2183 2368 2241 diocesibus
2411 2184 2467 2240 in
2534 2185 2750 2258 Regnis
2816 2185 2969 2242 Nor-

599 2285 804 2360 wegie,
850 2286 1058 2345 Suecie
1105 2296 1160 2344 et
1204 2279 1389 2345 Goeie
1437 2285 1881 2344 consistentibus
1934 2294 2073 2341 tunc
2136 2286 2425 2342 uacabant
2491 2295 2547 2342 et
2613 2306 2726 2361 que
2788 2306 2971 2362 usque

599 2387 671 2441 ad
730 2387 1023 2444 biennium
1071 2388 1409 2445 continuum
1454 2408 1526 2444 ex
1571 2397 1708 2444 tunc
1754 2387 2205 2461 computandum
2250 2397 2523 2444 vacarent
2569 2389 2968 2458 reseruandOS,
2997 2400 3170 2440 tomba·

598 2506 703 2562 per
741 2497 968 2546 nostras
1013 2489 1153 2546 certi
1198 2489 1412 2546 tenoris
1455 2490 1674 2546 litteras
1718 2490 1826 2546 sub
1872 2488 2043 2546 certis
2089 2489 2290 2557 modis,
2334 2488 2529 2546 formis
2576 2500 2632 2546 et
2678 2488 2969 2546 condicio-

600 2590 768 2649 nibus
811 2591 867 2647 in
912 2591 1125 2647 eisdem
1168 2590 1370 2648 litteris
1416 2591 1702 2666 expressis
1746 2590 2005 2665 plenius„
2036 2591 2327 2657 duximus,
2377 2602 2433 2646 et
2488 2602 2682 2649 nostre
2745 2609 2971 2649 camere

569 2712 704 2777 „pro
748 2693 954 2751 nostris
1000 2702 1055 2749 et
1100 2694 1340 2750 ecclesie
1385 2694 1648 2750 Romane
1705 2692 2028 2750 releuandis
2086 2692 2283 2749 utilius
2348 2693 2804 2766 necessitatibus,
2872 2693 2970 2748 de-

601 2796 905 2869 putandos,
952 2794 1121 2851 certis
1167 2795 1572 2852 collectoribus
1627 2813 1805 2869 super
1850 2793 2201 2851 colleccione
2263 2794 2572 2866 fructuum,
2639 2794 2970 2851 reddituum

601 2906 657 2951 et
699 2906 1084 2971 prouentuum
1129 2895 1454 2953 huiusmodi
1502 2894 1810 2971 deputatiS,
1856 2895 1956 2969 qui
1998 2895 2134 2951 licet
2176 2879 2775 2953 circa-collectionem
2844 2914 2971 2951 eor-

601 2997 811 3052 undem
857 2996 1145 3053 fructuum
1215 2996 1542 3053 reddituum
1612 3004 1667 3052 et
1728 3005 2114 3070 prouentuum
2179 2996 2542 3072 diligenciam
2606 2996 2972 3052 adhibuerint

599 3097 934 3165 studiosam,
979 3097 1168 3154 adhuc
1213 3108 1405 3154 tamen
1451 3097 1729 3154 nonnulla
1782 3098 2095 3154 eorundem
2162 3097 2452 3154 fructuum
2517 3097 2848 3153 reddituum
2915 3107 2972 3152 et

600 3208 984 3273 prouentuum
1025 3210 1329 3256 remanent
1370 3199 1601 3256 residua
1644 3200 1796 3256 sicut
1839 3198 2169 3273 accepimus
2212 3198 2555 3273 colligenda.
2614 3198 2741 3255 Nos
2776 3205 2970 3253 autem

601 3300 859 3358 volentes
902 3319 1077 3375 super
1117 3302 1227 3357 hoc
1272 3300 1597 3374 prouidere,
1622 3299 1982 3357 Discrecioni
2019 3309 2115 3355 tue
2162 3299 2232 3355 de
2277 3319 2395 3374 qua
2436 3299 2707 3356 fiduciam
2751 3298 2806 3355 in
2854 3298 2969 3355 dno

599 3402 852 3476 gerimus
896 3400 1225 3476 specialem,
1270 3420 1373 3475 per
1414 3400 1735 3475 apostolica
1780 3399 1995 3475 scripta
2039 3400 2445 3458 committimus
2501 3410 2557 3457 et
2616 3400 2971 3470 mandamus,

601 3512 885 3578 quatenus
930 3522 1032 3577 per
1073 3513 1128 3558 te
1174 3502 1269 3558 uel
1313 3502 1489 3558 alium
1535 3521 1638 3558 seu
1683 3501 1829 3558 alios
1872 3500 2199 3558 huiusmodi
2243 3502 2492 3571 residua,
2530 3520 2633 3576 per
2679 3519 2969 3576 quoscun-

600 3623 712 3679 que
759 3605 1095 3666 debeantur,
1135 3622 1309 3677 super
1353 3603 1560 3677 quibus
1606 3602 1913 3660 summarie
1958 3602 2293 3678 simpliciter
2337 3614 2392 3659 et
2427 3604 2497 3659 de
2535 3601 2710 3677 plano
2745 3622 2815 3659 ac
2849 3601 2971 3658 sine

597 3706 841 3781 strepitu
886 3715 942 3761 et
985 3706 1170 3779 figura
1201 3702 1405 3777 judicij
1452 3714 1508 3761 te
1551 3703 1838 3775 informes,
1883 3715 2080 3761 nostro
2128 3715 2184 3761 et
2228 3704 2481 3762 eiusdem
2526 3723 2753 3761 camere
2779 3715 2971 3761 nostre

599 3807 827 3864 nomine
872 3815 1087 3881 petere,
1133 3805 1364 3878 exigere
1409 3825 1476 3861 ac
1521 3804 1783 3879 recipere
1829 3823 1958 3861 cum
2018 3806 2346 3881 integritate
2402 3826 2694 3881 procureS,
2744 3815 2970 3863 contra-

601 3909 850 3966 dictores
894 3906 1181 3982 quoslibet
1223 3925 1398 3981 super
1439 3905 1545 3979 hijs
1591 3905 1952 3974 et'rebelleS,
1998 3908 2393 3983 cuiuscunque
2439 3917 2621 3965 status
2680 3908 2775 3964 uel
2834 3927 2971 3965 con-

600 4010 841 4068 dicionis
884 4007 1112 4079 fuerint,
1157 4008 1328 4064 etiam
1372 4007 1420 4064 si
1464 4006 1778 4083 pontificali
1824 4008 1920 4064 uel
1965 4009 2174 4083 quauis
2240 4008 2355 4065 alia
2422 4008 2781 4083 premineant
2845 4010 2969 4084 dig-

600 4112 794 4182 nitate,
838 4109 1181 4168 auctoritate
1225 4118 1423 4166 nostra
1465 4107 1866 4183 appellacione
1912 4118 2042 4183 post
2085 4110 2275 4184 posita
2320 4111 2760 4184 compescendO,
2792 4110 2968 4183 jnuo-

601 4221 731 4269 cato
773 4211 848 4267 ad
894 4211 1002 4268 hoc
1047 4209 1092 4267 si
1140 4207 1286 4285 opus
1322 4207 1491 4265 fuerit
1535 4208 1754 4265 auxilio
1802 4210 2014 4283 braehij
2058 4210 2352 4279 seculariS,
2388 4231 2502 4267 non
2529 4212 2793 4269 obstante
2816 4212 2864 4269 si
2890 4212 2971 4268 eis

601 4313 696 4370 uel
741 4330 939 4369 eorum
983 4311 1271 4386 aliquibus
1316 4297 1695 4368 communiter
1741 4311 1831 4367 uel
1880 4311 2107 4369 diuisim
2154 4332 2188 4368 a
2234 4310 2455 4386 prefata
2501 4312 2573 4369 sit
2610 4313 2747 4371 sede
2783 4313 2972 4369 indul-

599 4422 720 4470 tum
767 4413 921 4489 quod
968 4412 1252 4481 interdici,
1297 4413 1570 4488 suspendi
1604 4412 1698 4469 uel
1727 4413 2214 4470 excommunicari
2240 4433 2351 4469 non
2379 4414 2598 4488 possint
2621 4434 2725 4489 per
2747 4415 2973 4472 litteras

601 4516 950 4591 apostolicas
995 4534 1108 4571 non
1151 4514 1424 4571 facientes
1467 4514 1696 4589 plenam
1742 4523 1799 4571 et
1842 4533 2172 4589 expressam
2217 4534 2284 4570 ac
2331 4515 2401 4571 de
2427 4518 2606 4573 uerbo
2632 4517 2705 4573 ad
2729 4518 2970 4573 uerbum

602 4615 673 4672 de
717 4616 942 4672 indulto
985 4615 1711 4673 huiusmodimencionem.
1773 4616 2061 4673 Volumus
2105 4625 2298 4672 autem
2344 4616 2498 4690 quod
2546 4637 2644 4675 eos
2688 4637 2723 4674 a
2763 4618 2973 4692 quibus

601 4716 831 4774 residua
874 4716 1161 4790 receperis
1197 4717 1532 4792 supradicta
1575 4717 1881 4774 absoluere
1926 4716 2123 4773 ualeas
2168 4727 2224 4774 et
2268 4717 2518 4791 quittare
2564 4718 2635 4773 de
2690 4717 2797 4792 hijs
2855 4737 2972 4792 que

2488 4800 2570 4858 6*
