3534 5361
1773 347 1892 407 154

638 531 876 596 exquirit,
914 547 1048 581 nunc
1084 531 1366 580 catholicos
1405 545 1547 592 reges
1586 540 1636 579 ct
1672 532 1922 595 principes
1959 533 2190 596 aliosque
2228 541 2461 597 potentes
2500 536 2676 594 seculi,
2714 543 2770 584 ut
2804 535 2858 584 in
2894 535 3024 583 eius·

637 620 753 667 dem
790 627 919 667 terre
957 617 1234 665 subsidium
1272 617 1473 677 signum
1512 616 1710 664 uiuitice
1748 617 1912 664 erucis
1949 624 2231 677 assumant,
2279 620 2499 668 sollicite
2546 619 2854 678 inducendo,
2892 634 3025 667 nune

637 704 788 751 etiam
828 704 890 751 de
926 702 1071 750 bonis
1108 701 1467 750 ecclesiasticis
1505 701 1769 764 copiosum
1808 702 1971 749 eidem
2009 712 2140 750 terre
2177 700 2494 764 suffragium,
2542 711 2599 752 ut
2650 711 2821 752 cetera
2855 718 3021 753 sermo

635 795 905 850 pretereat,
941 785 1247 834 exhibendo.
1317 784 1478 833 Nouit
1514 785 1699 832 etenim
1736 786 1981 834 serenitas
2019 786 2175 849 regia,
2213 786 2347 848 quod
2385 785 2469 834 sel.
2507 789 2704 836 record.
2740 786 3022 848 Gregorius

635 886 769 934 papa
807 886 875 917 .x.
914 871 1244 933 predecessor
1280 876 1456 917 noster
1491 869 1553 916 ad
1590 868 1945 918 liberationem
1983 871 2117 919 dicte
2152 878 2284 919 terre
2321 869 2573 919 feruenter
2609 873 2858 936 aspiranS,
2890 872 3024 920 deei-

635 970 744 1003 mas
782 954 1008 1003 omnium
1046 954 1505 1002 ecclesiasticorum
1543 963 1884 1014 prouentuum
1920 968 2012 1015 per
2047 956 2268 1018 spatium
2305 971 2396 1004 sex
2434 972 2680 1006 annorum
2708 958 2758 1005 in
2778 957 3023 1019 Lugdun-

636 1039 741 1087 eusi
780 1038 1000 1087 coneilio
1037 1046 1169 1086 terre
1206 1038 1432 1085 subsidio
1469 1045 1747 1086 memorate
1784 1039 2048 1094 concessit,
2087 1048 2226 1087 certa
2262 1041 2418 1103 ipsius
2456 1042 2650 1090 decime
2685 1041 2921 1102 portione
2957 1042 3022 1090 ad

636 1124 931 1173 continuam
968 1124 1190 1186 predicte
1227 1131 1357 1170 terre
1395 1121 1681 1169 custodiam
1738 1121 1998 1184 deputata,
2059 1138 2150 1171 nec
2197 1125 2422 1184 ignoras,
2476 1134 2535 1173 ut
2592 1127 2831 1183 creditur,
2886 1126 3020 1187 quod

634 1210 733 1257 iam
773 1207 1004 1256 nonnulli
1040 1222 1106 1254 ex
1144 1207 1348 1269 regibus
1384 1206 1566 1267 alijsue
1602 1208 1841 1268 predictis
1879 1207 2091 1255 moleste
2130 1207 2348 1256 ferentes
2385 1210 2462 1258 sui
2498 1209 2858 1259 contumeliam
2885 1225 3024 1258 erca-

636 1292 779 1352 toris‚
817 1307 871 1340 se
924 1307 1014 1356 per
1050 1292 1273 1340 eiusdem
1311 1291 1441 1351 signi
1480 1290 1859 1352 susceptionem
1897 1292 2153 1339 salubrem
2189 1294 2412 1356 insignes
2449 1295 2660 1343 reddere
2697 1302 3021 1343 curauerunt.

635 1377 767 1427 Cum
802 1377 975 1440 itaque
1012 1383 1141 1424 terre
1178 1376 1423 1437 prelibate
1458 1376 1721 1436 negotium
1756 1375 2022 1433 potissime
2071 1375 2289 1427 insideat
2343 1380 2484 1427 cordi
2542 1391 2737 1440 nostre,
2792 1394 2852 1427 ac
2913 1379 3020 1426 eius

635 1463 1007 1524 promotionem
1044 1461 1257 1509 celerem
1296 1469 1348 1507 et
1383 1460 1610 1508 uotiuam
1646 1459 1811 1523 plenis
1847 1458 2111 1519 desiderijs
2147 1464 2427 1524 cupiamus,
2454 1464 2807 1512 celsitudinem
2832 1464 3023 1525 regiam

635 1547 916 1609 rogandam
953 1545 1192 1595 duximus
1229 1551 1425 1593 attente
1461 1552 1512 1591 et
1560 1544 1886 1600 hortandam,
1937 1545 2173 1607 quatinus
2228 1547 2293 1595 ob
2351 1547 2485 1596 illius
2539 1549 2894 1606 reuerentiam,
2933 1563 3023 1612 per

636 1645 785 1693 quem
822 1645 1020 1692 regnas,
1056 1629 1331 1678 innumeris
1367 1627 1470 1676 iam
1507 1629 1639 1676 dicte
1678 1634 1810 1676 terre
1846 1627 2209 1679 afflictionibus
2247 1639 2298 1678 et
2333 1632 2581 1694 pressuris
2637 1634 2778 1692 regia
2831 1632 3021 1695 pietate

636 1716 964 1779 compatiens,
1001 1715 1173 1777 tuique
1211 1712 1403 1761 fauoris
1440 1711 1733 1776 presidium,
1771 1720 1829 1762 ut
1863 1713 1952 1761 illa
1988 1715 2049 1762 de
2087 1716 2319 1763 manibus
2355 1716 2627 1779 impiorum
2672 1727 2894 1778 eruatur,
2931 1718 3023 1765 im-

634 1802 878 1864 pendenS,
913 1813 1233 1862 nequaquam
1270 1798 1515 1860 impedias
1552 1812 1713 1859 neque
1749 1798 1982 1861 impediri
2018 1800 2300 1861 permittas,
2340 1802 2460 1863 quin
2515 1800 2652 1850 dieta
2705 1802 2905 1850 decima
2960 1804 3021 1850 de

637 1899 795 1948 reguo
831 1892 920 1933 tuo
956 1884 1113 1933 libere
1150 1884 1453 1931 extrahatur
1487 1882 1537 1930 in
1581 1882 1808 1930 eiusdem
1861 1890 1992 1930 terre
2051 1884 2346 1943 subsidium,
2402 1887 2679 1934 secundum
2735 1887 3022 1951 apostolice

636 1971 769 2019 sedis
806 1969 1069 2018 arbitrium
1106 1968 1437 2031 disponenda,
1488 1968 1559 2015 sic
1612 1975 1845 2031 prompte
1902 1968 1973 2014 sic
2033 1968 2309 2018 efficaciter
2360 1970 2411 2017 in
2469 1970 2761 2019 huiusmodi
2816 1972 3023 2031 negotio

635 2055 917 2114 habiturus,
954 2061 1010 2102 ut
1044 2053 1293 2116 premium
1330 2052 1514 2100 exinde
1551 2051 1641 2099 tibi
1680 2066 1746 2099 ex
1783 2051 1891 2100 alto
1938 2053 2209 2116 proueniat
2256 2061 2308 2102 et
2359 2061 2530 2117 preter
2585 2055 2752 2104 laudis
2804 2055 3024 2102 humane

635 2139 930 2203 preconium
967 2138 1101 2187 sedis
1138 2137 1420 2202 apostolice
1455 2137 1624 2198 gratia
1659 2137 1796 2184 circa
1832 2144 1883 2185 te
1920 2152 2024 2186 non
2083 2138 2287 2200 indigne
2340 2138 2586 2202 suscipiat
2637 2141 3020 2189 incrementum.

633 2224 831 2273 Datum
866 2224 1003 2287 apud
1038 2221 1231 2271 Vrbem
1269 2229 1491 2271 ueterem
1528 2219 1634 2282 diij.
1671 2234 1836 2270 nouas
1872 2220 2045 2284 Martij
2082 2229 2225 2286 pout.
2265 2224 2424 2273 nostri
2461 2239 2596 2274 anno
2633 2225 2810 2288 primo.

1347 2303 1480 2347 (ΑΙ-σὴ.
1514 2302 1595 2341 Vnt.
1627 2304 1718 2351 Reg.
1747 2305 1852 2342 Mart.
1884 2305 1941 2342 lv.
1973 2315 2034 2344 an.
2067 2307 2090 2344 Ι.
2113 2316 2171 2354 ep.
2209 2301 2311 2348 ¹20).

1420 2496 1517 2552 28.
1612 2496 1788 2552 1282.
1876 2497 1990 2553 4de
2033 2496 2238 2555 Marts.

771 2611 1024 2660 Martinus
1062 2611 1329 2674 episcopus
1368 2625 1406 2658 s,
1444 2626 1483 2658 s.
1513 2611 1560 2658 d.
1589 2611 1852 2659 carissimo
1877 2611 1928 2658 in
1956 2610 2165 2660 Christo
2189 2612 2298 2660 filio
2325 2648 2336 2660 .
2365 2649 2375 2660 .
2404 2614 2509 2674 regi
2535 2613 2805 2674 Norwegie
2831 2614 3016 2662 illustri

637 2700 853 2748 salutem
889 2708 942 2746 ct
976 2696 1313 2760 apostolicam
1350 2695 1772 2744 benedictionem.
1855 2697 2074 2745 Paterne
2111 2697 2398 2746 dilectionis
2436 2697 2669 2756 affectae,
2707 2711 2806 2760 quo
2854 2709 2902 2748 te
2949 2701 3020 2749 fili

637 2783 1002 2848 prosequimur,
1039 2789 1266 2830 nostrum
1306 2781 1552 2828 instanter
1587 2780 1836 2828 sollicitat
1871 2782 2111 2839 animum,
2151 2792 2206 2829 ut
2253 2783 2316 2830 ab
2353 2782 2452 2842 hijs
2501 2797 2597 2844 que
2632 2785 2682 2831 in
2721 2792 2805 2831 tue
2842 2785 3021 2833 salutis

637 2869 955 2932 dispendium
992 2874 1044 2915 et
1078 2864 1201 2927 regij
1243 2865 1627 2926 derogationem
1664 2865 1874 2912 honoris
1922 2865 2206 2914 redundare
2242 2869 2616 2930 perpendimuS,
2679 2876 2729 2916 te
2790 2870 3021 2918 sollicitis

566 2982 577 2991 «
637 2953 820 3015 studijs
858 2966 1172 3001 reuocemuS.
1245 2949 1553 3013 Accepimus
1590 2949 1837 3011 siquidem
1876 2964 1966 2997 uec
2004 2951 2266 3008 potuimus
2300 2966 2406 3000 non
2432 2952 2618 3010 mirari,
2638 2954 2775 3015 quod
2797 2954 2858 3001 de
2878 2953 3022 3002 curia

636 3039 777 3099 regia
813 3036 1064 3099 generalis
1100 3034 1455 3100 prohibitionis
1491 3034 1751 3082 emanauit
1787 3035 2027 3093 edictum,
2063 3049 2126 3082 ne
2164 3036 2328 3097 quiuis
2364 3037 2526 3085 laicus
2575 3039 2715 3097 regni
2772 3038 2842 3085 tui
2897 3050 3020 3086 ster-

636 3123 806 3185 lingos
842 3121 924 3170 uel
960 3129 1227 3184 argentum
1264 3120 1403 3167 aliud
1439 3119 1597 3182 ipsius
1634 3118 1775 3179 regni
1814 3118 2010 3167 clericis
2058 3119 2276 3167 uendere
2329 3123 2690 3183 quoquomodo
2747 3132 3020 3186 presumat.

637 3205 792 3267 Quod
828 3221 893 3255 ex
930 3221 991 3255 eo
1027 3204 1295 3253 manifeste
1333 3203 1609 3265 colligitur,
1645 3204 1783 3265 quod
1829 3203 1991 3251 laicus
2044 3218 2158 3251 cum
2221 3204 2394 3266 aliquo
2448 3219 2514 3252 ex
2574 3206 2763 3255 eisdem
2824 3208 3021 3256 clericis

637 3292 792 3340 talem
829 3291 1175 3340 uenditionem
1211 3301 1453 3336 exercens
1489 3287 1540 3334 in
1577 3294 1715 3335 certa
1762 3289 1972 3350 punitur
2013 3288 2225 3350 pecunie
2278 3290 2575 3350 quantitate.
2667 3290 2797 3340 Cum
2852 3301 3020 3340 autem

637 3377 906 3425 occasione
942 3374 1294 3438 prohibitionis
1330 3372 1634 3431 huiusmodi,
1672 3386 1823 3433 quam
1860 3379 2046 3419 exacta
2082 3371 2382 3422 deliberatio
2411 3389 2522 3422 non
2570 3377 2829 3438 precessit,
2867 3375 3020 3437 ijdem

637 3461 805 3509 clerici
842 3461 907 3509 ad
944 3459 1335 3524 persoluendam
1372 3459 1421 3505 iu
1458 3456 1674 3520 pecunia
1708 3456 1793 3503 uel
1829 3466 2061 3516 argento,
2121 3456 2253 3505 sicut
2311 3460 2536 3521 expedit,
2591 3460 2841 3508 decimam
2887 3471 3019 3508 terre

637 3553 811 3593 sancte
849 3544 1075 3593 subsidio
1114 3545 1410 3606 deputatam
1455 3542 1733 3589 reddantur
1770 3541 2112 3588 uerisimiliter
2162 3541 2486 3603 impotentes,
2542 3551 2594 3591 et
2650 3553 2862 3608 propter
2921 3546 3019 3595 hoc

639 3629 897 3695 potissime
935 3628 1052 3678 talis
1088 3627 1364 3692 prohibitio
1402 3627 1610 3673 honoris
1647 3624 1772 3686 regij
1813 3625 1973 3673 titulis
2000 3626 2228 3686 deroget,
2248 3633 2299 3674 et
2332 3626 2383 3674 in
2418 3611 2643 3690 predicte
2680 3636 2810 3676 terre
2847 3638 3020 3678 sancte

636 3714 696 3763 a‘c
734 3714 1077 3763 ecclesiastice
1111 3712 1359 3773 libertatis
1398 3709 1714 3772 dispendium
1752 3717 1806 3756 et
1841 3709 1973 3757 sedis
2010 3709 2293 3772 apostolice
2331 3710 2567 3759 iniuriam
2600 3721 2651 3760 ct
2668 3722 3020 3777 contemptum

636 3801 815 3849 cedere
850 3800 1162 3855 dinoscatur,
1198 3797 1523 3844 serenitatem
1561 3794 1751 3855 regiam
1790 3794 2074 3856 rogandam
2111 3800 2305 3842 attente
2343 3795 2581 3844 duximus
2619 3805 2669 3845 et
2696 3799 3020 3859 hortandam,

635 3892 885 3948 quatenus
921 3881 1315 3947 prohibitionem
1353 3881 1582 3937 eandem,
1621 3885 1871 3943 quatenns
1908 3892 1974 3925 ex
2011 3880 2230 3940 quadam
2267 3886 2325 3927 ut
2361 3881 2583 3928 creditur
2621 3878 2866 3929 facilitate
2903 3897 3020 3945 pro·

635 3969 804 4028 cessit,
842 3976 1052 4017 eatenus
1088 3964 1392 4014 difficultate
1443 3965 1679 4012 submota
1731 3962 1959 4025 qualibet
2010 3978 2101 4025 pro
2140 3965 2274 4013 sedis
2312 3964 2537 4013 eiusdem
2574 3973 2626 4013 et
2662 3974 2838 4015 nostra
2876 3981 3019 4016 reue-

637 4055 801 4104 rentia
835 4053 1041 4101 studeas
1078 4063 1338 4108 reuocare,
1373 4048 1465 4098 illo
1503 4056 1550 4097 te
1586 4049 1635 4096 in
1671 4048 1770 4096 hac
1806 4054 1950 4109 parte
1986 4048 2202 4098 consilio
2241 4048 2521 4112 dirigeud0‚
2550 4057 2607 4099 ut
2641 4050 2827 4114 regalis
2864 4053 3020 4101 deuo-

637 4140 787 4188 tionis
844 4117 1296 4202 promptitudinem
1350 4133 1618 4196 condignis
1670 4132 1908 4182 laudibus
1973 4131 2288 4181 attollamus.
2385 4133 2582 4183 Datum
2634 4138 2772 4198 apud
2825 4135 3018 4187 Vrbem

637 4231 860 4273 ueterem
899 4221 1003 4283 diij.
1041 4235 1206 4270 nonas
1240 4218 1413 4280 Martij
1453 4226 1595 4283 pont.
1631 4218 1795 4267 nostri
1830 4231 1966 4265 anno
2002 4217 2192 4280 primo.

1348 4302 1477 4349 [arch.
1510 4303 1591 4341 Yet.
1620 4302 1710 4348 neg.
1740 4302 1843 4339 Mart.
1873 4301 1931 4339 lv.
1962 4311 2023 4337 an.
2056 4300 2083 4340 l.
2113 4311 2171 4348 ep.
2204 4300 2306 4345 ¹2¹).

1433 4478 1529 4533 29.
1623 4476 1801 4532 1282.
1894 4475 2043 4531 15de
2087 4473 2225 4531 Mai.

770 4594 1024 4642 Martinus
1060 4595 1328 4657 episcopus
1365 4608 1404 4640 s.
1444 4608 1481 4639 s.
1522 4592 1569 4639 d.
1608 4589 1881 4638 venerabili
1929 4588 2072 4638 fratri
2122 4626 2133 4636 .
2184 4627 2194 4638 .
2246 4593 2630 4655 archiepiscopo
2683 4592 3020 4653 Nidrosiensi‚

636 4678 897 4727 collectori
936 4677 1128 4726 decime
1163 4678 1214 4725 in
1252 4691 1412 4738 regno
1448 4674 1682 4724 Norweie
1718 4681 1850 4722 terre
1903 4686 2079 4723 sancte
2131 4676 2357 4724 subsidio
2404 4678 2660 4740 deputate.
2716 4678 2932 4727 salutem
2970 4688 3025 4728 et
