3534 5361
1790 361 1904 419 166

1415 597 1514 654 47.
1607 599 1781 655 1290.
1873 599 1985 656 7de
2028 599 2280 675 August.

791 713 1036 763 Nicolaus
1072 712 1340 775 episcopus
1376 727 1415 759 s,
1452 727 1491 760 s.
1530 715 1578 762 d.
1614 713 1802 764 dilecto
1838 715 1944 764 filio
1980 715 2296 766 Theoderico
2331 716 2484 777 priori
2529 716 2770 766 secularis
2819 716 3029 765 ecclesie

656 800 817 847 sancti
851 797 1059 847 Andree
1092 799 1419 849 Vrbeuetane
1454 798 1719 862 capellano
1764 807 1958 860 nostro,
2009 800 2271 849 collectori
2323 800 2516 850 decime
2567 807 2701 849 terre
2748 808 2924 848 sancte
2977 801 3028 849 in

655 882 926 932 Alamanie
962 885 1191 947 partibus
1227 886 1488 949 deputato.
1509 885 1659 934 salut.
1686 892 1738 932 et
1762 890 1927 948 apost.
1953 885 2204 934 benedict.
2276 885 2362 933 Ex
2379 892 2524 949 parte
2551 879 2661 944 [etc.
2681 901 2829 948 usque
2853 884 3029 934 elabo-

655 963 807 1028 rautJ.
896 967 1030 1019 Cum
1065 976 1236 1018 autem
1295 978 1399 1018 tam
1451 970 1837 1034 archiepiscopo
1874 984 2025 1033 quam
2060 969 2411 1019 communitati
2447 969 2704 1033 predictis,
2743 970 2837 1019 sub
2875 972 3026 1020 certis

654 1051 828 1102 formis
865 1068 1016 1117 super
1050 1054 1147 1103 hoc
1184 1062 1386 1103 nostras
1425 1055 1620 1104 litteras
1657 1055 1952 1116 dirigamus,
1987 1054 2279 1104 discretioni
2306 1063 2391 1104 tue
2418 1069 2510 1119 per
2533 1055 2815 1118 apostolica
2838 1056 3028 1119 scripta

653 1137 953 1187 mandamus
990 1138 1227 1201 quatinus
1264 1139 1534 1202 diligenter
1567 1140 1854 1199 attendens,
1891 1147 2135 1202 quantum
2172 1139 2238 1188 sit
2265 1138 2411 1189 nobis
2436 1138 2578 1188 cordi
2602 1140 2869 1201 negotium
2894 1147 3025 1188 terre

654 1228 843 1283 sancte,
864 1231 1207 1286 quantumque
1243 1224 1296 1273 in
1329 1224 1651 1273 ammissione
1686 1223 1820 1272 dicte
1854 1222 2067 1287 pecunie
2103 1224 2198 1287 ipsi
2228 1232 2359 1272 terre
2396 1224 2650 1287 depereat,
2676 1224 2743 1272 ad
2761 1238 3025 1287 recupera-

653 1306 847 1356 tionem
883 1309 1016 1357 dicte
1051 1309 1263 1370 pecunie
1300 1308 1513 1358 solerter
1547 1308 1782 1370 inuigiles
1818 1315 1870 1356 et
1904 1309 2132 1357 studiose
2183 1308 2402 1369 labores,
2439 1310 2729 1358 detentores
2764 1309 2923 1371 ipsius
2958 1310 3024 1358 ad

652 1390 789 1440 illius
825 1400 877 1441 et
909 1394 1155 1442 mercium
1189 1393 1529 1457 predictarum
1566 1391 1957 1452 restitutionem,
2003 1401 2055 1441 et
2089 1394 2491 1443 contradictores
2526 1395 2567 1442 si
2604 1393 2688 1456 qui
2724 1392 2911 1442 fuerint
2940 1393 3025 1442 uel

651 1475 886 1535 rebelles,
923 1478 1206 1528 monitione
1241 1478 1489 1542 premissa
1523 1491 1615 1540 per
1648 1491 1915 1526 censuram
1950 1477 2347 1527 ecclesiasticam
2374 1478 2717 1543 appellatione
2735 1478 3026 1542 postposita

650 1560 1023 1624 compellendo.
1064 1561 1323 1612 Jnuocato
1359 1563 1425 1611 ad
1461 1563 1560 1611 hoc
1597 1562 1639 1610 si
1675 1577 1803 1626 opus
1838 1560 1993 1611 fuerit
2044 1561 2237 1611 auxilio
2288 1561 2481 1623 brachij
2537 1562 2797 1612 secularis.
2868 1560 3024 1623 Quic-

650 1644 772 1707 quid
806 1652 976 1694 autem
1011 1661 1163 1710 super
1191 1648 1290 1696 hoc
1327 1648 1534 1696 duxeris
1572 1645 1878 1706 faciendum,
1915 1646 2061 1695 nobis
2097 1661 2189 1709 per
2224 1654 2337 1695 tuas
2371 1646 2569 1695 litteras
2616 1648 2798 1697 harum
2843 1647 3023 1697 seriem

649 1729 985 1789 eontinenteS‚
1020 1733 1228 1782 studeas
1263 1731 1479 1781 fideliter
1512 1731 1761 1780 intimare.
1847 1731 2043 1780 Datum
2089 1731 2225 1795 apud
2272 1729 2469 1780 Vrbem
2505 1737 2732 1782 ueterem
2769 1731 2871 1794 ‚vij.
2908 1731 3020 1781 idus

649 1811 872 1877 Augusti
909 1816 1235 1882 pontificatus
1269 1817 1430 1866 nostri
1469 1830 1605 1865 anno
1643 1817 1809 1865 tertio.

1353 1895 1486 1944 (Aren.
1518 1899 1601 1936 vat.
1629 1899 1723 1946 Reg.
1754 1900 1837 1938 Nic.
1865 1899 1923 1937 lv,
1952 1909 2014 1938 sn.
2042 1899 2098 1938 ΙΙΙ.
2127 1909 2186 1948 ep.
2212 1894 2318 1943 343).

1438 2090 1534 2147 48.
1627 2089 1805 2147 1295.
1894 2088 2048 2146 21de
2091 2087 2233 2146 Juli.

779 2204 1080 2256 Bonifacius
1117 2208 1383 2272 episcopus
1420 2221 1459 2255 s.
1497 2221 1539 2255 s.
1579 2206 1628 2253 d.
1665 2205 1854 2253 dilecto
1889 2203 1996 2253 filio
2032 2204 2277 2267 magistro
2315 2202 2543 2255 Giffredo
2580 2205 2643 2253 de
2676 2202 2890 2270 Vecano
2926 2219 3020 2253 ca-

643 2292 829 2341 nonico
867 2290 1222 2342 Cameracensi
1258 2305 1454 2341 camere
1489 2297 1661 2340 nostre
1697 2290 1885 2339 clerico
1922 2289 2140 2338 salutem
2176 2296 2227 2338 et
2243 2289 2580 2353 apostolicam
2598 2288 3021 2340 benedictionem.

643 2375 844 2425 Statum
879 2376 1069 2440 negotij
1108 2376 1290 2426 dicime
1310 2383 1440 2425 terre
1465 2383 1643 2425 sancte
1661 2374 1805 2424 cuius
1831 2374 2187 2423 executionem
2211 2374 2265 2423 in
2280 2372 2514 2423 Norweie
2529 2373 2693 2423 Dacie
2718 2374 2891 2425 Suetie
2908 2389 3021 2437 reg-

644 2458 737 2520 nis,
759 2459 945 2510 dilecto
964 2459 1072 2510 filio
1097 2459 1399 2524 Huguitioni
1422 2460 1641 2524 plebano
1665 2459 1828 2523 plebis
1853 2460 1914 2508 de
1934 2458 2249 2509 castellione
2271 2458 2484 2508 Aretine
2503 2458 2717 2508 diocesis
2753 2459 3021 2523 capellano

643 2551 818 2593 nostro
838 2546 1027 2594 dudum
1064 2545 1346 2610 apostolice
1383 2545 1517 2594 sedis
1553 2544 1877 2608 prouidentia
1911 2545 2179 2605 commisit,
2216 2545 2362 2605 scire,
2399 2559 2493 2594 nec
2526 2558 2631 2593 non
2648 2542 2909 2594 informari
2932 2559 3023 2609 per

641 2630 808 2692 ipsum
844 2629 964 2693 quid
998 2637 1051 2679 et
1085 2637 1329 2694 quantum
1348 2632 1413 2679 sit
1439 2636 1711 2695 receptum,
1728 2643 1790 2678 ac
1808 2643 1961 2694 penes
1981 2644 2106 2694 quos
2131 2629 2399 2678 collectam
2423 2643 2490 2677 ex
2509 2628 2801 2678 huiusmodi
2825 2628 3022 2677 decima

640 2716 909 2776 pecuniam
945 2717 1295 2778 deponendam
1334 2715 1539 2765 duxerit
1574 2716 1773 2779 plenius
1809 2717 2084 2778 cupientes,
2122 2715 2413 2764 discretioni
2450 2723 2535 2764 tue
2586 2728 2677 2778 per
2735 2715 3022 2778 apostoliea

641 2800 831 2864 scripta
863 2802 1182 2861 mandamus,
1220 2801 1454 2865 quatinus
1490 2800 1706 2863 receptis
1743 2800 2078 2864 presentibus,
2132 2801 2351 2849 eundem
2402 2799 2773 2862 Huguitionem
2825 2814 2918 2863 per
2970 2807 3020 2849 te

642 2885 726 2934 uel
758 2885 915 2934 alium
955 2901 1020 2934 ex
1055 2894 1198 2951 parte
1236 2893 1413 2936 nostra
1447 2886 1604 2935 citare
1638 2900 1895 2950 procureS,
1931 2894 1989 2934 ut
2038 2884 2169 2934 infra
2222 2886 2440 2934 duorum
2498 2884 2748 2934 mensium
2800 2885 3022 2947 spatium

639 2977 756 3033 post
787 2970 1080 3020 citationem
1116 2979 1258 3020 tuam
1293 2971 1387 3020 sub
1423 2969 1963 3021 excommunicationis
2000 2977 2052 3019 et
2086 2969 2385 3033 priuationis
2424 2972 2649 3020 omnium
2667 2969 3020 3019 benefitiorum

639 3071 861 3117 suorum,
897 3058 1040 3121 penis
1078 3072 1191 3106 eum
1230 3056 1462 3105 omnibus
1496 3055 1680 3104 litteris
1714 3055 1872 3116 libris,
1902 3054 2274 3117 JnstrumentiS‚
2299 3054 2514 3118 alijsque
2534 3054 2797 3118 scripturis
2816 3054 3019 3118 quibus-

638 3140 762 3189 libet
794 3156 947 3205 super
981 3140 1272 3190 huiusmodi
1308 3140 1501 3189 decime
1554 3140 1857 3189 collectione
1911 3155 2001 3189 seu
2053 3140 2373 3203 depositione
2424 3138 2688 3198 consectis,
2751 3153 2841 3188 seu
2901 3138 3016 3187 illas

639 3227 965 3289 tangentibus
1002 3241 1204 3289 quoquo
1240 3227 1394 3276 modo
1432 3225 1715 3289 apostolico
1752 3239 1806 3273 se
1843 3225 2138 3287 conspectui
2183 3225 2518 3288 personaliter
2566 3228 2896 3287 representet,
2956 3225 3018 3272 de

638 3312 939 3360 executione
977 3310 1295 3361 collectionis
1331 3318 1384 3360 et
1418 3310 1747 3375 depositionis
1783 3310 2075 3358 huiusmodi
2110 3318 2404 3373 computum
2440 3317 2492 3359 et
2517 3310 2765 3359 rationem
2792 3309 3019 3373 plenarie

637 3401 789 3459 prout
824 3397 885 3445 de
921 3396 1241 3460 beneplacito
1278 3404 1454 3446 nostro
1507 3394 1813 3460 processerit
1869 3395 2172 3444 redditurus.
2255 3395 2410 3444 Diem
2467 3409 2592 3444 uero
2651 3394 2907 3444 citationis
2965 3400 3018 3442 et

636 3478 854 3530 sormam
890 3487 941 3529 et
974 3481 1208 3544 quicquid
1247 3496 1399 3545 super
1433 3480 1688 3544 premissis
1725 3478 1934 3528 duxeris
1970 3478 2257 3528 faciendum
2295 3480 2442 3528 nobis
2502 3493 2592 3544 per
2645 3485 2759 3527 tuas
2818 3477 3014 3526 litteras

634 3565 815 3615 harum
850 3565 1033 3615 seriem
1068 3566 1402 3626 continentes,
1443 3566 1650 3614 studeas
1684 3564 1903 3612 fideliter
1937 3564 2185 3613 intimare.
2253 3564 2449 3613 Datum
2484 3562 2724 3626 Anagnis
2767 3561 2874 3625 ,xij.
2911 3562 3013 3611 kal.

637 3649 859 3713 Augusti
896 3650 1220 3715 pontificatus
1257 3652 1417 3700 nostri
1453 3665 1587 3700 anno
1625 3650 1804 3713 primo.

1085 3734 1216 3779 (ΑΙ-011.
1247 3736 1328 3772 vm.
1361 3735 1451 3780 Reg.
1482 3734 1634 3772 Bonific.
1666 3734 1753 3770 Vlll.
1786 3743 1848 3771 an.
1877 3734 1902 3772 l.
1933 3734 1997 3773 l'ol.
2028 3732 2099 3770 193
2127 3733 2166 3772 b.
2199 3744 2257 3781 ep.
2287 3733 2423 3773 curiul.
2454 3728 2556 3775 nl).

1375 3909 1472 3967 49.
1566 3909 1743 3966 1326.
1838 3907 1988 3966 13de
2030 3907 2287 3984 August.

769 4023 1035 4074 «Iohannes
1073 4025 1343 4090 episcopus
1380 4040 1418 4073 s.
1456 4039 1496 4073 s.
1534 4026 1582 4073 d.
1622 4023 1820 4073 dilectis
1857 4024 1976 4087 filijs
2011 4023 2237 4074 «Iohanni
2275 4025 2336 4073 de
2372 4023 2564 4073 Serene
2598 4021 2755 4087 priori
2798 4035 3017 4071 conuen-

636 4115 717 4158 tus
753 4108 969 4159 fratrum
1004 4111 1193 4160 ordinis
1229 4111 1607 4175 predicatorum
1644 4110 1706 4158 de
1739 4109 1955 4171 Figiaco
1994 4106 2320 4158 caturcensis
2357 4117 2409 4158 et
2443 4108 2707 4158 Bernardo
2745 4106 2807 4155 de
2862 4105 3016 4156 Orto-

634 4193 696 4243 lis
732 4194 916 4243 rectori
954 4196 1166 4245 ecclesie
1202 4196 1264 4244 de
1297 4194 1584 4245 Noualibus
1618 4193 1909 4243 Electensis
1946 4193 2221 4243 diocesium
2249 4192 2532 4257 apostolice
2556 4193 2690 4242 sedis
2715 4190 2915 4254 nuncijs
2936 4206 3015 4240 sa-

633 4279 793 4329 lutem
829 4288 881 4330 et
915 4280 1254 4344 apostolicam
1287 4280 1710 4328 benedictionem.
1784 4277 1922 4328 Olim
1957 4278 2120 4328 felicis
2157 4278 2524 4328 recordationis
2586 4277 2824 4329 Clemens
2881 4290 3016 4340 papa

635 4379 700 4411 .v.
735 4365 1064 4429 predecessor
1097 4372 1271 4415 noster
1305 4365 1371 4414 ad
1408 4371 1592 4413 terram
1629 4371 1862 4413 sanctam
1898 4364 1979 4428 pie
2015 4377 2196 4426 gerens
2234 4363 2599 4426 compassionis
2635 4362 2893 4422 affectum,
2930 4362 3015 4410 de-

633 4448 817 4498 cimam
853 4450 1080 4498 omnium
1116 4450 1405 4499 reddituum
1442 4459 1494 4498 et
1526 4456 1868 4513 prouentuum
1903 4448 2372 4498 ecclesiasticorum
2406 4447 2711 4511 ubicumque
2736 4448 3016 4497 consisten-

632 4535 758 4582 tium
794 4535 846 4582 in
882 4534 1013 4583 dicte
1048 4540 1180 4583 terre
1217 4534 1498 4584 subsidium
1534 4542 1585 4582 et
1620 4533 1748 4583 alias
1787 4541 1967 4584 contra
2001 4533 2216 4582 rebelles
2253 4539 2305 4582 et
2338 4531 2572 4582 inimicos
2608 4531 2859 4583 catholice
2898 4532 3016 4580 fidei

633 4618 1030 4666 conuertendam
1066 4618 1120 4667 in
1155 4618 1369 4668 consilio
1404 4617 1688 4668 Viennensi
1723 4619 1907 4668 eodem
1944 4618 2259 4682 approbante
2295 4617 2508 4667 consilio
2568 4632 2659 4681 per
2709 4633 2802 4667 sex
2854 4632 3014 4666 annos

634 4699 728 4748 sub
764 4701 914 4750 certis
950 4702 1113 4751 modis
1150 4710 1202 4751 et
1236 4702 1412 4751 formis
1465 4703 1707 4767 imposuit
1757 4703 2064 4753 auctoritate
2119 4702 2404 4766 apostolica
2450 4700 2807 4764 colligendam.
2881 4700 3014 4751 Cum
