3534 5361
1743 389 1860 444 180

1326 574 1422 631 65.
1516 575 1693 632 1328.
1789 571 1937 631 l3de
1984 575 2260 631 Februar.

735 705 781 737 a.
853 689 1120 739 Johannes
1156 690 1423 753 episcopus
1462 706 1500 737 s.
1539 705 1579 738 s.
1618 691 1665 737 d.
1704 689 1893 739 dilecto
1949 691 2055 739 filio
2111 690 2272 739 nobili
2308 692 2416 739 viro
2453 686 2750 753 *Erragislo
2787 689 2984 738 Nesku-

601 789 862 837 nungsson
896 774 1072 836 Magni
1110 776 1247 836 regis
1282 772 1532 836 Norweye
1562 783 1615 822 et
1645 773 1838 824 Swecie
1862 775 2072 824 illustris
2098 776 2412 824 marescalco
2439 775 2656 824 salutem
2681 782 2779 824 ete.
2855 774 2984 824 Cum

604 861 666 909 de
704 869 789 908 tue
822 859 1106 908 nobilitatis
1160 873 1252 922 pru
1292 895 1303 906 .
1343 895 1353 906 .
1394 894 1406 906 .
1446 894 1457 905 .
1496 860 1718 920 gerimus
1772 875 1867 922 que
1922 875 2043 923 erga
2095 862 2245 909 deum
2299 867 2349 908 et
2387 896 2398 906 .
2438 896 2449 907 .
2491 895 2501 906 .
2543 896 2553 907 .
2592 867 2810 908 matrem
2845 867 2985 907 tuam

603 945 745 993 clara
780 943 1051 993 deuotione
1089 979 1100 990 .
1140 979 1153 990 .
1193 980 1204 990 .
1243 979 1255 990 .
1292 941 1393 1004 hijs
1432 957 1527 1004 que
1563 944 1707 993 nobis
1743 952 1796 993 et
1830 945 1925 1009 ipsi
1974 946 2186 996 ecclesie
2239 947 2405 1007 gratio
2444 980 2455 991 .
2495 980 2507 991 .
2549 981 2559 991 .
2600 980 2610 991 .
2650 958 2761 991 esse
2799 958 2986 1005 cogno-

604 1029 752 1089 ueris,
789 1030 1040 1093 promptis
1074 1027 1343 1076 affectibus
1381 1037 1438 1076 ut
1474 1065 1485 1075 .
1526 1065 1537 1076 .
1576 1065 1587 1075 .
1629 1065 1640 1076 .
1680 1030 1832 1077 tionis
1868 1037 1920 1078 et
1956 1031 2117 1092 gratie
2142 1031 2276 1079 filius
2302 1039 2350 1078 te
2377 1030 2612 1093 impenda
2649 1065 2660 1075 .
2701 1064 2712 1077 .
2751 1064 2763 1075 .
2804 1065 2815 1075 .
2852 1029 2984 1077 filios

603 1114 895 1163 Johannem
931 1114 993 1162 de
1030 1112 1223 1163 Serone
1258 1114 1398 1176 prior
1433 1148 1444 1160 .
1486 1149 1496 1160 .
1535 1148 1546 1160 .
1586 1149 1597 1160 .
1636 1113 1715 1161 nis
1752 1113 1968 1162 fratrum
2003 1116 2378 1178 predicatorum
2416 1116 2478 1163 de
2514 1112 2729 1176 Figiaco
2765 1120 2816 1162 et
2839 1114 2883 1161 B
2923 1150 2933 1160 .
2975 1150 2987 1161 .

603 1253 614 1264 ⁸
655 1235 666 1246 .
705 1200 767 1248 de
804 1198 999 1249 Ortolis
1038 1206 1285 1247 rectorem
1322 1198 1535 1246 ecclesie
1573 1200 1634 1247 de
1669 1197 1955 1247 Noualibus
1992 1235 2004 1246 .
2045 1235 2056 1248 .
2097 1235 2110 1246 .
2149 1236 2161 1247 .
2200 1201 2363 1248 censis
2402 1207 2455 1248 et
2493 1199 2783 1247 Electensis
2820 1198 2988 1247 dioce-

603 1284 733 1332 sium
769 1283 1053 1348 apostolice
1090 1283 1227 1332 sedis
1262 1297 1397 1331 nunc
1434 1319 1446 1330 .
1485 1318 1496 1330 .
1537 1318 1548 1329 .
1587 1319 1598 1330 .
1636 1283 1701 1330 ad
1738 1298 1826 1331 eos
1863 1293 2034 1344 partes
2080 1299 2174 1345 pro
2228 1286 2377 1333 certis
2431 1285 2618 1333 nostris
2673 1292 2726 1332 et
2777 1284 2987 1332 ecclesie

602 1376 883 1418 memorate
917 1367 1148 1430 negocijs
1185 1369 1377 1416 dudum
1412 1368 1727 1417 destinantes
1764 1379 1817 1416 et
1853 1375 2020 1416 uestre
2057 1368 2367 1417 excellencie
2402 1368 2709 1417 fiducialiter
2733 1383 2990 1417 commen-

604 1455 784 1503 dantes
821 1452 1138 1501 nobilitatem
1186 1459 1325 1500 tuam
1372 1452 1621 1501 attencius
1675 1453 1943 1516 deprecam
1983 1489 1994 1500 .
2035 1490 2045 1500 .
2087 1490 2097 1501 .
2137 1490 2148 1501 .
2188 1454 2382 1502 eisdem
2440 1452 2640 1515 nuncijs
2703 1459 2754 1502 et
2813 1468 2990 1512 eorum

604 1539 814 1588 cuilibet
850 1536 891 1585 si
929 1572 940 1584 .
981 1572 992 1584 .
1032 1573 1042 1583 .
1083 1572 1095 1584 .
1135 1536 1373 1600 predictis
1409 1538 1646 1586 assistere
1695 1537 1905 1598 auxilijs
1958 1537 2188 1599 consilijs
2242 1545 2294 1586 et
2330 1573 2341 1585 .
2383 1574 2395 1585 .
2433 1574 2444 1585 .
2485 1574 2496 1585 .
2535 1538 2816 1600 oportuniS‚
2853 1538 2989 1600 quod

606 1624 831 1673 diuinam
868 1637 928 1670 ac
963 1628 1186 1669 nostram
1226 1657 1237 1668 .
1276 1657 1287 1668 .
1326 1656 1337 1668 .
1377 1657 1388 1669 .
1428 1622 1504 1670 dis
1542 1622 1760 1684 gratiam
1796 1622 1915 1670 inde
1952 1622 2132 1671 ualeas
2169 1622 2374 1670 uberius
2428 1622 2722 1684 promereri.
2792 1622 2988 1671 Datum

604 1708 862 1757 Auinione
897 1706 1011 1753 idus
1046 1705 1313 1767 Februarij
1352 1706 1678 1768 pontificatus
1717 1706 1881 1755 nostri
1917 1721 2053 1755 anno
2091 1705 2250 1768 ‚xijupo

738 1793 785 1839 b.
858 1791 1123 1840 ,Iohannes
1160 1791 1430 1854 episcopus
1468 1797 1561 1838 etc.
1600 1790 1789 1838 dilecto
1825 1791 1931 1839 filio
1972 1791 2132 1840 nobili
2171 1792 2281 1839 viro
2321 1790 2510 1840 Carolo
2547 1790 2991 1854 Neskunungsson

604 1877 878 1926 Finlandie
914 1875 1185 1938 capitaneo
1224 1875 1441 1923 salutem
1480 1882 1574 1922 etc.
1648 1873 2006 1940 (Liqelydende
2041 1873 2149 1923 med
2182 1874 2263 1923 det
2284 1871 2670 1938 sor-eyaaende).

603 1960 739 2004 (Areh.
771 1959 852 1997 Vnt.
881 1959 972 2006 neg.
1000 1961 1105 1999 Secr.
1132 1959 1214 1996 soh.
1243 1957 1357 1995 xxn.
1387 1969 1448 1995 an.
1478 1958 1543 1996 xl.
1571 1958 1649 1997 ΧΙΙ.
1678 1958 1767 1996 'l'om
1798 1959 1855 1995 Vl.
1890 1959 1958 1998 sol.
2005 1958 2088 1998 158.
2130 1970 2190 2006 ep.
2235 1957 2342 1996 1600.
2403 1959 2455 1996 De
2499 1958 2733 2007 udprikkede
2773 1958 2904 1996 steder
2931 1969 2994 1995 ers

1273 2026 1284 2062 i
1312 2025 1499 2071 negesten
1526 2026 1772 2064 hortuli-arne
1798 2026 1869 2064 ved
1898 2036 2029 2063 seuere
2057 2021 2323 2073 ludbiudingl.

1406 2252 1501 2309 66.
1596 2252 1774 2309 1328.
1878 2250 2199 2309 12teJuli.

743 2366 844 2417 Um
878 2366 1020 2417 Pava
1056 2365 1203 2417 tiund
1240 2366 1298 2417 af
1328 2366 1663 2429 Hjalltlande.

742 2450 880 2500 Nota
915 2454 1049 2514 quod
1085 2468 1222 2502 anno
1260 2452 1453 2502 domini
1489 2462 1583 2510 ως
1627 2464 1739 2511 cccq
1784 2451 1976 2513 xxviijq
2028 2452 2190 2516 pridie
2243 2453 2374 2516 ydus
2428 2450 2575 2513 Julij,
2627 2451 2835 2513 graeiddi
2876 2450 2997 2500 Gia-

608 2536 763 2586 falldr
796 2537 1039 2586 Ivarsson
1073 2536 1132 2585 af
1161 2536 1478 2585 Hialltlande
1515 2552 1572 2585 so
1610 2536 1769 2585 mikla
1812 2538 2090 2601 pavatiund
2144 2536 2498 2599 virduleghom
2552 2538 2705 2586 herra
2751 2537 2996 2585 Audfinni

608 2621 809 2685 biskupi
845 2622 861 2670 i
896 2621 1180 2686 Biorghuin
1218 2636 1281 2670 oc
1317 2621 1500 2672 Svaeini
1537 2621 1933 2687 Sighurdarsyni
1970 2620 2168 2686 fehyrdi
2195 2623 2210 2670 i
2234 2621 2693 2685 konnungsgarde:
2719 2622 2831 2670 siau
2854 2621 2993 2686 skip-

608 2709 747 2772 pund
783 2708 917 2756 ullar
952 2723 1014 2756 oc
1049 2709 1181 2756 aeinu
1218 2706 1475 2771 linspundi
1507 2706 1616 2756 faat
1651 2707 1684 2767 i,
1720 2723 1811 2756 var
1844 2704 1938 2773 pat
1974 2715 2029 2756 at
2059 2707 2362 2766 spannatale
2398 2708 2595 2757 Hiallta
2618 2716 2803 2757 sextan
2827 2722 2993 2771 sponn

608 2808 669 2842 oc
706 2808 815 2841 ‚xx.
852 2792 986 2841 ullar
1020 2801 1074 2841 at
1110 2792 1475 2842 Hiatlendzkre
1508 2792 1694 2854 vaagh.

786 2871 917 2921 (Ener
944 2876 1150 2914 Asnkrinen
1183 2877 1226 2913 ιῐ
1250 2875 1322 2913 den
1351 2886 1401 2913 nu
1430 2876 1532 2913 tabte
1561 2876 1773 2922 bergeuske
1799 2875 1972 2923 Copibog
1999 2876 2010 2912 i
2038 2875 2321 2914 Bartholininn·
2350 2876 2408 2913 lv,
2439 2876 2531 2913 eller
2559 2875 2601 2914 F.
2633 2888 2670 2924 p.
2703 2871 2813 2919 246).

1347 3084 1443 3142 67.
1539 3084 1715 3141 1328.
1811 3083 1964 3141 16de
2006 3082 2261 3158 August.

757 3198 1024 3248 Vniuersis
1082 3207 1340 3263 presentes
1398 3200 1595 3248 litteras
1653 3198 1971 3262 inspecturis.
2060 3198 2282 3260 Magnus
2319 3199 2400 3248 dei
2436 3200 2625 3261 gracia.
2712 3198 2996 3261 Norwegie.

621 3284 830 3332 Sweeic.
858 3283 1208 3348 Gotorumque
1234 3301 1344 3334 rex.
1382 3285 1601 3333 salutem
1636 3284 1688 3332 in
1725 3284 1933 3332 domino
1970 3284 2342 3346 sempiternam.
2413 3282 2607 3332 Notum
2643 3282 2857 3332 facimus
2891 3284 2999 3331 vni-

622 3368 796 3417 uersis.
835 3370 968 3432 quod
1004 3383 1120 3417 cum
1156 3369 1505 3418 sanctissimus
1540 3371 1592 3417 in
1610 3367 1819 3418 Christo
1856 3376 2001 3430 pater
2037 3369 2288 3416 dominus.
2361 3367 2624 3416 ,Iohannes
2660 3384 2795 3432 papa
2822 3367 2999 3416 vicesi-

619 3468 732 3502 mus
768 3454 1036 3502 secundus.
1073 3468 1165 3515 pro
1201 3451 1630 3517 *expungnandis
1666 3452 1883 3501 inimicis
1922 3451 2112 3501 Christi
2149 3452 2379 3516 paganis.
2427 3452 2667 3501 videlicet
2698 3452 2911 3502 Rutenis
2949 3459 3000 3501 et

620 3537 855 3587 Carellis.
894 3553 1162 3600 regnorum
1199 3548 1491 3588 nostrorum
1527 3539 1792 3601 presertim
1811 3535 2081 3598 Norwegie
2117 3535 2396 3585 conuicinis
2432 3537 2752 3585 medietatem
2793 3537 2999 3585 dicima-

619 3639 730 3672 rum
783 3623 1136 3672 sexennalium
1196 3639 1259 3671 ex
1319 3631 1559 3686 precepto
1620 3622 1779 3671 felicis
1840 3621 2232 3670 recordacionis.
2287 3621 2478 3670 domini
2533 3620 2810 3671 Clementis
2869 3636 2999 3685 pape

619 3707 780 3770 quinti
817 3708 1147 3757 collectarum
1183 3709 1233 3756 in
1269 3708 1437 3770 regnis
1474 3709 1660 3756 nostris
1695 3708 1953 3770 predictis,
2008 3717 2060 3756 et
2120 3708 2278 3756 eciam
2333 3706 2751 3769 colligendarum.
2807 3705 2848 3754 si
2903 3721 3000 3768 que

616 3793 804 3841 ibidem
840 3793 1126 3855 colligende
1163 3803 1416 3842 restarent
1450 3793 1597 3842 nobis
1635 3792 1942 3841 concesserit
1978 3792 2225 3854 graciose,
2264 3806 2355 3854 pro
2402 3792 2581 3854 quibus
2628 3791 2828 3854 quidem
2867 3791 3000 3839 deci-

617 3877 711 3926 mis
747 3877 977 3925 leuandis
1015 3885 1066 3926 et
1101 3878 1417 3941 recipiendis.
1456 3886 1507 3927 et
1542 3878 1816 3926 medietate
1852 3878 2027 3925 eadem
2065 3877 2214 3926 nobis
2251 3877 2575 3939 assignanda.
2630 3874 2856 3939 prefatus
2909 3876 3001 3923 do-

615 3963 780 4010 minus
816 3962 1085 4011 ,Iohannes
1122 3979 1256 4026 papa
1293 3973 1468 4022 annm,¹8
1517 3962 1785 4011 secunduS.
1839 3962 2210 4011 venerabilibus
2265 3970 2318 4010 et
2375 3961 2605 4009 discretis
2664 3959 2797 4008 viris.
2856 3958 3000 4007 fratri

615 4046 839 4096 Johanni
877 4047 939 4094 de
975 4046 1184 4095 Serone.
1222 4047 1376 4110 priori
1412 4048 1788 4110 predicatorum
1826 4047 1888 4093 de
1923 4046 2208 4109 Fygiacho‚
2247 4054 2299 4094 et
2334 4048 2579 4109 magistro
2616 4045 2883 4094 Bernardo
2938 4045 3001 4092 de

615 4131 827 4182 Ortulis.
882 4131 1066 4179 rectori
1120 4132 1334 4180 ecclesie
1389 4133 1451 4180 de
1501 4130 1802 4180 NoualibuS.
1876 4129 2216 4180 CaturcensiS.
2278 4139 2329 4180 et
2379 4132 2669 4179 Electensis
2722 4129 3001 4178 diocesium

613 4217 814 4280 plenam
849 4225 901 4264 et
955 4215 1228 4278 specialem
1277 4217 1585 4265 concesserit
1633 4222 1958 4277 potestatem,
2012 4230 2224 4278 quarum
2279 4216 2589 4264 decimarum
2644 4214 2999 4262 sexennalium

612 4301 895 4349 leuatarum
933 4307 986 4348 et
1021 4310 1338 4364 receptarum
1383 4316 1472 4365 per
1525 4300 1900 4350 commissarios
1952 4301 2288 4363 supradictos,
2384 4299 2595 4350 Summa
2651 4300 2881 4348 ascendit
2938 4301 3000 4347 de

611 4384 828 4434 ecclesia
864 4391 915 4432 et
951 4385 1155 4448 dyocesi
1213 4385 1532 4434 Nidrosiensi
1580 4385 1646 4433 ad
1695 4391 1917 4447 quatuor
1970 4384 2124 4433 milia.
2188 4386 2434 4433 ducentas
2490 4392 2606 4432 octo
2660 4384 2893 4432 marchas
2949 4392 3000 4432 et

610 4472 738 4519 duas
775 4484 891 4518 oras
931 4484 1088 4532 parue
1135 4480 1338 4519 monete
1383 4470 1655 4520 Noricane.
1747 4470 1821 4519 Jn
1856 4485 1955 4533 qua
1991 4470 2141 4518 totali
2178 4484 2376 4518 summa
2410 4467 2618 4517 fuerunt
2654 4469 2848 4517 incluse
2885 4484 3001 4516 sex-

610 4564 754 4604 cente
791 4556 1120 4618 septuagInta
1155 4563 1364 4618 septem.
1417 4556 1623 4604 marche
1677 4554 1879 4617 argenti
1933 4552 2224 4618 computate
2277 4563 2327 4603 et
2372 4553 2623 4602 calculatc
2669 4568 2761 4616 pro
2800 4552 2999 4600 duobus

609 4639 826 4688 milibus,
865 4640 1095 4689 ducentis
1132 4638 1350 4688 marchis
1388 4646 1440 4687 et
1476 4640 1693 4688 duabus.
1732 4638 1835 4687 oris
1870 4653 2029 4702 parue
2057 4628 2267 4687 'monete
2292 4638 2559 4687 Noricane.
2628 4637 2771 4686 ,Item
2806 4644 3000 4698 septem

609 4738 696 4771 ore
733 4724 795 4770 de
831 4739 956 4771 auro
995 4733 1291 4786 computate
1339 4733 1389 4771 et
1432 4723 1684 4772 calculate
1737 4739 1829 4786 pro
1883 4723 2063 4786 viginti
2118 4731 2237 4771 octo
2293 4721 2512 4771 marchis
2566 4737 2724 4784 parue
2777 4729 2997 4770 monete.
