3534 5361
1690 386 1806 443 119

725 575 872 632 Item
920 573 1030 630 emi
1077 572 1287 630 ibidem
1332 591 1681 648 pergamena
1726 590 1832 645 pro
1879 569 2244 645 processibus
2289 571 2574 629 mittendis
2638 573 2714 629 ad
2774 573 2928 630 Nor-

560 675 820 750 wegiam.
867 675 1015 732 solui
1060 702 1139 711 —
1187 694 1258 732 .x.
1302 691 1482 747 grOSS.
1528 672 1913 729 Turonenses.

730 778 872 833 Item
916 776 995 833 iui
1042 775 1111 832 de
1137 774 1332 834 Scaris
1376 791 1577 830 uersus
1623 773 1970 861 Strengenes
2015 782 2071 830 et
2115 773 2245 830 dedi
2291 772 2625 832 ductoribus
2668 803 2750 811 —
2796 774 2930 849 .xiij.

561 874 744 955 gross.
791 878 1178 935 Turonenses.

726 980 873 1036 Item
917 978 1046 1035 dedi
1091 976 1306 1035 famulo
1351 978 1450 1054 qui
1492 976 1746 1052 portauit
1791 995 2092 1052 processus
2134 977 2208 1033 ad
2259 976 2632 1052 Norwegiam
2677 997 2783 1052 pro
2828 998 2928 1034 ex-

561 1081 774 1157 pensis,
823 1080 1078 1137 vestibus
1121 1088 1177 1135 et
1221 1079 1599 1136 calciamento
1633 1106 1713 1114 -
1755 1077 1907 1151 .xvij.
1936 1077 2038 1135 sol.
2061 1096 2240 1152 gross.
2267 1078 2709 1136 Turonensium.
2740 1088 2932 1153 preter

563 1200 843 1257 expensas
889 1200 1034 1257 quas
1078 1180 1183 1238 sibi
1231 1180 1334 1237 feci
1383 1200 1485 1255 per
1528 1178 1579 1253 .j.
1628 1198 1900 1237 mensem.

728 1283 873 1339 Item
922 1283 1119 1357 .xvij¹!¹¹’
1176 1282 1267 1339 die
1312 1279 1616 1355 Februarij
1662 1280 1811 1337 solui
1872 1280 2218 1354 Strengenes
2286 1300 2389 1355 pro
2455 1299 2805 1356 pergameno
2858 1309 2924 1317 --

560 1403 632 1442 .v.
675 1403 857 1459 gross‚
906 1385 1289 1442 Turonenses.

726 1477 872 1542 Item
920 1484 1031 1558 .xij.
1078 1484 1169 1541 die
1213 1483 1417 1558 Marcij
1463 1482 1611 1541 solui
1657 1482 1992 1541 ductoribus
2035 1482 2133 1557 qui
2180 1502 2269 1539 me
2315 1482 2604 1540 duxerunt
2627 1483 2929 1559 Vpsaliam

563 1614 637 1623 --
684 1586 771 1660 .vj.
816 1605 999 1661 gross.
1046 1586 1432 1643 Turonenses.

728 1686 876 1744 Item
922 1686 1047 1744 misi
1090 1706 1269 1744 vnum
1313 1685 1585 1743 nuncium
1632 1685 1747 1741 dfio
1798 1684 2095 1742 Arosiensi
2140 1683 2516 1759 significando
2560 1686 2667 1743 sibi
2712 1687 2929 1744 aduen-

563 1796 682 1845 tum
727 1806 917 1844 meum
965 1788 1034 1845 de
1077 1788 1192 1846 dfio
1235 1789 1396 1863 Rege
1440 1797 1496 1844 et
1540 1786 1696 1861 quod
1739 1784 1797 1842 in
1842 1784 2103 1860 proximo
2161 1785 2527 1843 intendebam
2594 1787 2789 1845 uenire
2856 1790 2930 1845 ad

562 1907 691 1945 eum
738 1898 793 1946 et
836 1891 1113 1964 rogabam
1156 1891 1344 1965 ipsum
1388 1897 1452 1944 vt
1493 1888 1757 1944 raciones
1801 1905 1934 1943 suas
1978 1886 2296 1943 inuenirem
2340 1897 2589 1962 paratas.
2622 1889 2753 1946 dedi
2777 1891 2930 1948 dicto

561 1990 770 2048 nuncio
821 2018 879 2026 —-
940 2009 1053 2047 .XV.
1097 2009 1278 2066 gross.
1326 1990 1712 2047 Turonenses.
1758 1987 1895 2064 quia
1940 1988 2195 2063 oportuit·
2235 2008 2366 2046 eum
2411 1989 2571 2065 sequi
2617 1992 2692 2049 ad
2727 1991 2930 2050 Valles

560 2089 723 2148 iuxta
767 2091 1010 2148 confinia
1050 2091 1365 2167 Norwegie
1412 2100 1477 2147 ut
1519 2089 1680 2146 dixit.

727 2192 872 2248 Item
918 2193 1047 2250 dedi
1092 2193 1308 2250 cursori
1356 2192 1453 2248 dni
1495 2191 1910 2267 archiepiscopi
1949 2190 2269 2248 Lundensis
2305 2212 2409 2268 per
2431 2213 2602 2269 quem
2630 2195 2761 2255 mihi
2786 2217 2929 2254 nun-

562 2293 737 2350 ciauit
782 2303 1021 2352 mortem
1064 2294 1162 2350 dni
1203 2294 1500 2351 Bondonis
1544 2294 1748 2352 decani
1792 2292 2337 2364 RoskildensiS,-cui
2388 2295 2466 2352 ibi
2533 2297 2930 2355 commiseram

561 2394 715 2451 vices
759 2413 916 2454 meas
959 2424 1041 2433 -—
1088 2415 1159 2452 .x.
1203 2414 1383 2471 gros&
1428 2391 1846 2454 Turonenses¹.

726 2495 874 2553 Item
920 2497 1120 2554 audita
1163 2506 1344 2555 morte
1389 2498 1485 2554 dni
1529 2497 1827 2556 Bondonis
1867 2495 2092 2554 Decani
2130 2496 2527 2558 Roskildensis
2555 2499 2926 2574 commissarij
2956 2502 3127 2542 ¹⁰¹·8²·³·

562 2596 671 2653 mei
717 2596 844 2655 misi
877 2597 1212 2656 'Johannem
1257 2599 1527 2657 Nicholai
1574 2598 1847 2657 clericum
1892 2617 2082 2655 meum
2139 2607 2194 2655 et
2251 2600 2539 2659 notarium
2580 2601 2638 2658 in
2683 2602 2929 2659 Daciam

562 2717 666 2773 pro
713 2699 966 2774 negocijs
1010 2703 1417 2777 promouendis
1459 2713 1515 2759 et
1558 2720 1665 2777 pro
1711 2699 2120 2776 recuperandis
2160 2701 2324 2759 bonis
2370 2703 2467 2759 dfii
2516 2722 2685 2779 pape,
2728 2703 2931 2762 litteris

562 2808 618 2856 et
649 2799 1047 2873 justi-umentis
1092 2823 1203 2879 que
1250 2804 1403 2860 dicto
1449 2804 1564 2862 dfio
1610 2801 1876 2860 Bondoni
1923 2802 2335 2861 commiseram.
2391 2812 2448 2861 et
2488 2805 2636 2862 solui
2680 2824 2785 2880 pro
2830 2824 2930 2860 ex·

563 2902 752 2975 pensis
799 2902 915 2960 suis
960 2924 1065 2979 pro
1110 2904 1226 2980 .xij.
1275 2905 1606 2980 septimanis
1650 2905 1861 2979 quibus
1905 2903 2005 2960 fuit
2062 2904 2117 2960 in
2177 2903 2274 2960 via
2316 2932 2397 2940 —
2440 2903 2553 2978 .vij.
2600 2904 2703 2961 sol.
2751 2923 2932 2978 grOSS.

563 3002 1000 3061 Turonensium.

730 3105 873 3162 Item
921 3107 1052 3164 dedi
1099 3108 1317 3165 cursori
1374 3107 1470 3164 dni
1528 3106 1802 3183 Episcopi
1869 3106 2249 3182 Lincopensis
2316 3106 2415 3182 qui
2477 3106 2612 3164 mihi
2679 3107 2934 3182 portauit

565 3204 781 3263 litteras
826 3226 960 3265 suas
1007 3227 1181 3284 super
1225 3210 1609 3267 excusacione
1650 3229 1754 3267 sua
1801 3209 1954 3284 quod
2011 3229 2124 3265 non
2186 3208 2437 3264 audebat
2503 3227 2792 3283 exponere
2859 3209 2932 3264 ad

566 3305 716 3362 uiam
761 3326 963 3366 uersus
1007 3308 1357 3369 Stokholmis
1398 3310 1673 3386 pecunias
1717 3329 1864 3385 quas
1908 3310 2013 3369 sibi
2052 3308 2395 3367 dimiseram.
2423 3338 2498 3346 —
2524 3309 2576 3384 .j.
2605 3327 2779 3365 marc.
2807 3309 2933 3365 den.

565 3408 905 3466 Sueuorum.

732 3511 879 3569 Item
925 3512 1056 3569 dedi
1099 3513 1319 3571 cursori
1366 3511 1462 3568 diii
1508 3512 1783 3588 Episcopi
1828 3511 2234 3571 Wexionensis
2276 3531 2378 3587 per
2411 3531 2581 3587 quem
2608 3513 2790 3569 eidem
2816 3511 2931 3567 dfio

564 3613 859 3689 Episcopo
902 3614 1250 3689 Lincopensi
1294 3615 1494 3689 scripsi
1550 3649 1603 3655 --
1668 3613 1719 3689 .j.
1764 3633 1941 3671 marc.
1986 3615 2111 3671 den.
2155 3613 2497 3673 Sueuorum.

733 3714 881 3772 Item
929 3717 1018 3772 die
1064 3734 1175 3772 .xv.
1221 3715 1440 3790 Aprilis
1486 3715 1610 3773 misi
1655 3715 1858 3772 iterum
1905 3715 2176 3772 nuncium
2244 3716 2316 3771 ad
2373 3715 2508 3771 dfim
2574 3713 2930 3788 Episcopum

564 3818 897 3875 Aboensem
945 3817 1034 3874 cui
1083 3817 1211 3874 dedi
1256 3836 1362 3892 pro
1409 3817 1580 3874 maris
1621 3817 1865 3874 transitu
1911 3827 1966 3874 et
2019 3836 2124 3892 pro
2185 3815 2451 3892 expensis
2496 3844 2571 3851 -
2620 3812 2714 3888 .ἰί3.
2760 3832 2932 3870 marc.

565 3920 692 3976 den.
739 3918 1082 3978 Sueuorum.

730 4021 877 4078 Item
925 4040 1029 4097 pro
1074 4020 1306 4078 sallario
1350 4039 1456 4078 suo
1514 4047 1569 4055 ·-
1625 4019 1737 4095 diij.
1786 4018 1886 4077 sol.
1932 4037 2111 4095 gross.
2159 4019 2607 4076 Turonensium.

732 4123 876 4180 Item
923 4123 1033 4180 emi
1075 4141 1423 4198 pergamena
1466 4141 1571 4197 pro
1634 4152 1679 4157 -ψ
1740 4120 1852 4194 ,νὶ3.
1893 4139 2073 4195 gross.
2118 4120 2571 4178 Turonensibus.

734 4227 877 4283 Item
924 4224 1075 4299 ‚xvjza
1107 4224 1198 4281 die
1241 4223 1380 4298 Maij
1429 4223 1558 4280 dedi
1604 4223 1830 4280 ductori
1868 4222 1964 4298 qui
2013 4241 2102 4278 me
2166 4221 2330 4278 duxit
2394 4240 2578 4297 usque
2638 4221 2933 4295 Arbughae

566 4350 670 4405 per
710 4347 920 4405 aquam
973 4355 1039 4363 -
1093 4326 1204 4401 .xij.
1248 4345 1429 4401 gross.
1474 4325 1862 4382 Turonenses.

736 4430 880 4486 Item
924 4427 1155 4485 fuerunt
1199 4426 1329 4503 equi
1376 4426 1485 4484 mei
1533 4426 1766 4483 deducti
1810 4445 1914 4501 per
1957 4434 2168 4482 terram
2214 4433 2270 4481 et
2308 4423 2437 4480 dedi
2475 4424 2698 4482 ductori
2734 4441 2931 4480 eorum

574 4561 640 4569 —-
691 4529 831 4605 ,iiijer
860 4548 1042 4606 gross.
1086 4529 1472 4587 Turonenses.

638 4675 653 4705 ¹
692 4679 758 4729 H.
797 4686 831 4728 t.
872 4673 1004 4742 [ap.]
1044 4678 1253 4728 Summa
1288 4677 1436 4727 huius
1475 4677 1657 4741 pagine
1696 4699 1757 4707 —-
1797 4674 1961 4722 .xxix.
2000 4674 2091 4724 sol.
2130 4682 2182 4722 et
2230 4691 2293 4722 .v.
2349 4675 2462 4723 den.
2514 4688 2677 4738 gross.
2731 4671 2932 4720 Turon-

1793 4742 1987 4792 ensium
2024 4757 2138 4791 cum
2176 4741 2226 4803 .j.
2266 4741 2526 4805 sterlingo.
