3534 5361
1665 392 1779 453 191

525 581 716 630 nuncio
751 580 974 644 aliquam
1009 578 1238 629 fecerunt
1294 578 1555 628 racionem
1592 579 1671 627 .de
1727 578 1969 642 predictis
2017 578 2081 626 de
2128 574 2310 640 quibus
2358 572 2621 636 siquidem,
2664 577 2908 634 quatuor-

531 665 692 713 decim
727 666 946 714 marchis
982 665 1178 727 argenti
1215 671 1266 713 et
1299 678 1488 713 nouem
1521 664 1740 712 marchis
1779 662 1911 711 dicte
1946 669 2168 721 monete,
2203 659 2439 724 ponderis
2487 656 2780 721 supradicti,
2817 668 2908 719 per

530 747 695 810 ipsum
730 747 991 797 dominum
1044 749 1285 798 nuncium
1335 749 1535 799 nomine
1573 747 1765 797 domini
1801 747 1965 796 nostri
1998 761 2129 811 pape
2167 753 2218 795 et
2250 747 2482 796 Romane
2518 741 2728 791 ecclesie
2765 739 2907 789 habi-

532 832 596 880 tis
633 839 685 881 et
718 834 951 896 receptis,
986 834 1151 898 ipsum
1207 834 1467 883 dominum
1520 832 1816 897 episcopum
1861 831 2229 896 Lincopensem
2275 838 2327 879 et
2362 829 2631 878 ecclesiam
2666 841 2810 875 suam
2845 839 2906 874 ac

531 931 707 966 omnes
743 916 874 966 alios
911 933 1123 980 quorum
1158 920 1369 969 interest
1414 919 1617 966 nomine
1668 917 1860 967 domini
1895 917 2057 965 nostri
2113 930 2245 980 pape
2297 921 2349 963 et
2404 914 2636 962 Romane
2694 910 2905 960 ecclesie

531 1001 687 1050 soluit
720 1003 921 1066 penitus
957 1011 1008 1051 et
1044 1003 1283 1066 quittauit
1317 1004 1574 1066 requirens
1608 1017 1690 1051 me
1724 1002 1978 1051 notarium
2020 999 2399 1064 infrascriptum
2454 998 2617 1046 dictus
2671 997 2906 1045 dominus

529 1087 746 1135 nuncius
781 1094 835 1136 vt
869 1088 932 1136 de
964 1087 1203 1150 predictis
1239 1088 1341 1137 duo
1376 1086 1597 1140 facerem
1621 1087 1897 1135 consimilis
1923 1086 2112 1136 tenoris
2136 1084 2341 1150 publica
2365 1084 2724 1146 Jnstrumenta.
2769 1079 2908 1128 Acta

533 1179 651 1220 sunt
686 1172 781 1220 hec
817 1171 985 1221 Scaris
1020 1173 1072 1220 in
1108 1174 1259 1221 domo
1295 1172 1687 1233 predicatorum,
1723 1186 1858 1221 anno
1908 1178 1961 1219 et
2011 1172 2092 1219 die
2128 1170 2308 1233 quibus
2360 1182 2529 1231 supra,
2585 1165 2904 1230 presentibus

534 1255 762 1305 discretis
796 1256 932 1318 viriS,
968 1257 1171 1306 domino
1207 1256 1364 1306 Petro
1383 1256 1686 1319 Strangonis
1723 1255 1973 1305 canonico
1998 1256 2211 1305 ecclesie
2233 1252 2679 1313 Roskildensis,et
2702 1249 2903 1300 Jacobo

533 1339 595 1388 de
628 1339 857 1390 Eusebio
894 1342 956 1390 de
990 1341 1212 1404 Bugella
1246 1342 1430 1391 clerico
1447 1341 1793 1390 Vercellensis
1820 1340 2032 1390 diocesis
2056 1342 2362 1390 auctoritate
2387 1336 2673 1402 apostolica
2702 1334 2903 1385 notario

530 1423 738 1488 publico
774 1426 841 1474 ad
874 1425 1122 1489 premissa
1157 1427 1355 1477 uocatis
1393 1427 1680 1492 specialiter
1714 1433 1765 1475 et
1800 1425 2011 1488 rogatis.

665 1507 738 1557 Et
773 1524 869 1572 ego
901 1510 1165 1561 Johannes
1199 1511 1436 1561 Nicholai
1471 1512 1682 1561 clericus
1717 1511 2002 1560 Lundensis
2027 1510 2333 1560 auctoritate
2357 1506 2642 1572 apostolica
2673 1505 2905 1555 notarius

533 1592 764 1654 publicus
798 1598 1055 1658 premissis
1093 1598 1324 1646 omnibus
1358 1612 1460 1646 vna
1496 1612 1612 1647 cum
1644 1596 2010 1661 prenominatis
2055 1595 2270 1645 testibus
2314 1593 2649 1656 personaliter
2699 1606 2905 1657 presens

533 1676 738 1727 interfui
775 1687 825 1728 et
859 1681 926 1729 ad
948 1681 1333 1744 requisicionem
1358 1682 1610 1731 dictorum
1633 1682 1957 1731 dominorum
1982 1681 2343 1744 archidyaconi
2380 1686 2432 1728 et
2466 1677 2645 1727 decani
2696 1691 2905 1741 presens

530 1762 790 1824 publicum
819 1762 1219 1826 justrumentum
1255 1767 1434 1831 scripsi
1469 1766 1606 1816 etin
1651 1767 1785 1815 hanc
1836 1766 2093 1829 publicam
2145 1765 2362 1815 sormam
2413 1762 2588 1826 redegi
2638 1776 2739 1811 vna
2791 1775 2906 1810 cum

530 1848 840 1912 appensione
875 1851 1031 1915 sigilli
1067 1851 1189 1901 dicti
1241 1850 1433 1901 domini
1480 1851 1650 1913 nuncij
1708 1852 1955 1915 signoque
2005 1866 2122 1902 meo
2176 1851 2327 1901 solito
2380 1848 2583 1913 signaui
2633 1847 2904 1910 requisitus

532 1938 585 1982 et
613 1941 840 1997 rogatus.

1318 2031 1319 2034 ¹
1400 2015 1521 2064 (Ener
1545 2020 1645 2068 Dipl.
1673 2020 1784 2059 svec.
1812 2020 1880 2060 No.
1907 2014 2038 2065 2989).

1341 2246 1439 2304 86.
1530 2245 1708 2305 1333.
1798 2244 1895 2303 5te
1936 2244 2098 2304 Juni.

665 2356 703 2407 J
704 2372 737 2406 n
751 2357 957 2408 nomine
974 2359 1164 2408 domini
1187 2374 1351 2409 amen.
1393 2358 1647 2411 Nouerint
1663 2362 1886 2411 vniuersi
1901 2362 2000 2411 hoc
2012 2359 2412 2423 jnstrumentum
2430 2358 2689 2421 publicum
2700 2357 2722 2421 j
2729 2372 2905 2422 nspec-

531 2441 647 2501 turi,
674 2443 809 2505 qnod
844 2458 979 2493 anno
1017 2444 1222 2494 domini.
1260 2455 1337 2504 mo,
1380 2457 1494 2506 cccq
1537 2446 1736 2508 xxxiijq
1782 2446 1862 2495 die
1898 2448 2075 2509 quinta
2107 2444 2296 2494 mensis
2336 2443 2496 2506 Junij.
2566 2442 2905 2494 Pontificatus

528 2526 831 2576 sanctissimi
866 2529 1024 2593 patris
1060 2537 1111 2579 et
1146 2530 1339 2580 domini
1371 2530 1533 2580 nostri
1569 2532 1761 2582 domini
1781 2530 2033 2582 Johannis
2058 2530 2233 2580 diuina
2248 2529 2577 2593 prouidencia
2594 2542 2726 2593 pape
2756 2526 2904 2590 xxij.

529 2624 665 2660 anno
702 2612 852 2675 ‚xvijq
888 2614 1172 2677 jndictione
1203 2616 1383 2680 prima,
1419 2617 1472 2665 in
1505 2618 1771 2680 presencia
1804 2614 1986 2677 notarij
2010 2610 2122 2675 [etc.
2142 2612 2393 2665 somiNo.
2418 2611 2487 2664 76
2504 2610 2585 2675 til]
2605 2611 2906 2677 recognouit

529 2711 584 2745 se
617 2698 869 2762 recepisse
904 2708 955 2749 et
988 2701 1227 2751 habuisse
1263 2718 1295 2750 a
1327 2703 1601 2752 venerabili
1635 2705 1747 2752 uiro
1786 2702 1991 2752 domino
2010 2701 2250 2752 Johanne
2286 2701 2662 2764 archidyacono
2692 2700 2904 2750 ecclesie

526 2781 876 2846 Lincopensis,
911 2800 978 2834 ex
1011 2792 1157 2850 parte
1190 2802 1522 2850 personarum
1557 2787 2015 2841 ecclesiasticarum
2051 2795 2182 2836 terre
2218 2785 2495 2837 Gotlandie
2531 2785 2748 2835 diocesis
2783 2784 2904 2835 Lin-

529 2868 761 2932 copensis
796 2870 1039 2920 ducentos
1076 2873 1347 2934 sexaginta
1382 2879 1602 2936 quatuor
1634 2874 1858 2923 florenos
1893 2887 2081 2936 paruos
2136 2873 2246 2921 auri
2282 2879 2333 2920 et
2366 2886 2521 2920 vnum
2555 2871 2804 2921 florenum
2841 2872 2904 2920 de

526 2968 712 3014 massa,
742 2952 873 3015 jtem
908 2969 1000 3002 sex
1037 2956 1229 3004 solidos
1266 2971 1381 3005 cum
1417 2964 1637 3020 quatuor
1672 2956 1895 3019 denarijs
1932 2971 2227 3019 grossorum
2260 2956 2642 3005 Turonensium
2688 2956 2903 3018 argenti,

527 3037 739 3099 etyduas
773 3038 931 3087 libras
957 3053 1073 3087 cum
1098 3039 1320 3101 dimidia,
1345 3055 1406 3090 ac
1439 3056 1540 3091 vno
1577 3042 1744 3092 solido
1780 3041 2157 3103 sterlingorum,
2184 3041 2430 3090 collectos
2468 3048 2574 3089 tam
2611 3041 2674 3090 de
2709 3048 2903 3090 restan-

526 3124 678 3186 tibus,
714 3125 777 3173 de
811 3124 1010 3173 decima
1043 3125 1305 3173 sexennali
1342 3140 1496 3189 quam
1543 3126 1605 3175 de
1652 3124 1899 3175 fructibus
1945 3126 2306 3175 beneficiorum
2358 3126 2550 3174 dudum
2605 3125 2902 3174 vacancium

527 3222 618 3271 per
650 3209 908 3259 biennium
941 3210 995 3258 in
1031 3209 1168 3259 dicta
1203 3218 1338 3260 terra
1379 3209 1672 3271 Gossandie‚
1707 3210 1852 3259 null‘a
1885 3218 2057 3260 tamen
2093 3212 2255 3260 eidem
2291 3210 2497 3260 domino
2537 3212 2723 3260 nuncio
2759 3211 2899 3261 racio

527 3291 664 3342 facta
698 3294 797 3344 fuit
830 3309 922 3343 seu
946 3302 1215 3359 compotus
1251 3295 1601 3359 de‘predictis,
1637 3297 1700 3344 de
1752 3295 1933 3358 quibus
1969 3296 2217 3359 siquidem
2252 3294 2504 3355 ‚cclxiiijqr
2530 3294 2734 3344 florenis
2784 3310 2899 3359 par-

527 3377 604 3426 uis
640 3379 751 3427 auri
787 3387 838 3429 et
871 3395 972 3429 vno
1008 3380 1203 3429 floreno
1240 3381 1303 3429 de
1337 3395 1524 3441 massa,
1561 3395 1623 3430 ac
1659 3381 1721 3429 de
1756 3395 1851 3428 sex
1886 3379 2062 3429 solidis
2098 3393 2160 3428 ac
2194 3386 2413 3442 quatuor
2449 3379 2670 3442 denarijs
2695 3395 2899 3443 grosso-

526 3477 638 3511 rum
672 3462 1046 3514 Turonensium
1081 3465 1279 3528 argenti
1315 3472 1366 3514 et
1401 3466 1597 3514 duabus
1631 3465 1774 3514 libris
1809 3479 1928 3513 cum
1972 3464 2179 3513 dimidia
2224 3480 2284 3513 ac
2333 3479 2433 3513 vno
2487 3464 2667 3526 solid0,
2703 3465 2900 3515 sterlin-

526 3563 707 3611 gorum
741 3565 833 3614 per
865 3552 1032 3614 ipsum
1067 3550 1327 3599 dominum
1360 3551 1600 3599 nuncium
1649 3548 1852 3599 nomine
1912 3548 2102 3599 domini
2152 3550 2317 3598 nostri
2370 3564 2501 3613 pape
2562 3558 2614 3599 et
2669 3552 2901 3601 Romane

526 3635 739 3684 ecclesie
796 3635 982 3684 habitis
1034 3642 1086 3685 et
1134 3636 1367 3700 receptiS‚
1417 3636 1585 3699 ipsum
1636 3636 1899 3684 dominum
1957 3634 2383 3698 archidyaconum
2437 3642 2488 3684 et
2539 3651 2712 3685 omnes
2770 3637 2899 3685 alios

526 3733 740 3781 quorum
774 3720 988 3769 interest
1023 3715 1130 3781 [etc.
1167 3737 1265 3769 som
1301 3720 1322 3769 i
1352 3717 1452 3770 No.
1490 3720 1561 3769 85
1597 3715 1674 3779 til]
1711 3720 1917 3783 publica
1954 3718 2311 3782 jnstrumenta.
2362 3717 2574 3768 >Actum
2624 3727 2675 3770 et
2724 3722 2901 3770 datum

527 3802 694 3853 Scaris
728 3804 782 3853 in
818 3806 972 3854 domo
1009 3804 1402 3868 predicatorum,
1439 3820 1573 3854 anno
1611 3814 1663 3853 et
1696 3805 1778 3853 dic
1814 3804 1996 3867 quibus
2033 3821 2203 3869 supra,
2240 3805 2558 3868 presentibus
2600 3805 2900 3855 venerabili-

524 3889 620 3937 bus
655 3889 772 3938 viris
809 3889 1040 3950 dominis,
1076 3889 1274 3939 Karolo
1311 3891 1504 3940 decano
1540 3889 1750 3938 ecclesie
1769 3889 2102 3952 Lincopensis
2135 3890 2292 3939 Petro
2318 3889 2622 3952 Strangonis
2647 3890 2897 3941 canonico

524 3973 852 4023 Roskildensi
887 3982 938 4024 et
974 3973 1176 4024 Jacobo
1212 3975 1274 4023 de
1308 3974 1534 4025 Eusebio
1571 3974 1633 4023 de
1669 3974 1892 4037 Bugella
1925 3973 2267 4025 Vercellensis
2317 3975 2531 4025 diocesis
2590 3977 2897 4026 auctoritate

525 4059 809 4121 apostolica
842 4061 1045 4109 notario
1081 4059 1287 4124 publico
1322 4060 1537 4108 testibus
1573 4060 1640 4108 ad
1673 4060 1774 4109 hoc
1808 4061 2009 4109 uocatis
2046 4067 2098 4110 et
2132 4061 2340 4123 rogatiS.

658 4144 730 4192 Et
766 4158 863 4205 ego
900 4143 1165 4194 Johannes
1199 4143 1437 4193 Nicholai
1472 4144 1685 4194 clericus
1719 4143 2005 4194 Lundensis
2058 4147 2359 4194 auctoritate
2406 4145 2694 4208 apostolica
2737 4154 2895 4196 nota-

525 4229 628 4276 rius
663 4228 898 4291 publicus
948 4228 1204 4292 premissis
1257 4229 1489 4278 omnibus
1546 4244 1647 4278 vna
1700 4244 1815 4278 cum
1868 4230 2234 4294 prenominatis
2294 4231 2507 4281 testibus
2559 4231 2898 4293 personaliter

524 4328 730 4377 presens
764 4311 970 4362 interfui
1005 4324 1057 4361 ct
1090 4314 1157 4361 ad
1191 4315 1579 4376 requisicionem
1615 4314 1736 4363 dicti
1773 4313 1962 4363 domini
1997 4314 2357 4378 archidyaconi
2383 4316 2482 4365 hoc
2499 4329 2707 4380 presens
2731 4316 2896 4380 publi-

525 4414 641 4449 cum
670 4398 1071 4462 justrumentum
1105 4398 1283 4462 scripsi
1321 4393 1431 4458 [etc.
1469 4416 1569 4448 som
1602 4398 1625 4447 i
1655 4396 1754 4450 No.
1794 4395 1909 4458 85]

1390 4480 1512 4527 (Ester
1537 4481 1636 4531 Dipl.
1665 4483 1775 4522 Svec.
1803 4483 1872 4521 No.
1898 4479 2032 4528 2990).
