3534 5361
1733 349 1850 418 178

598 537 838 607 piscopis‚
873 553 925 592 et
959 542 1228 608 episcopie,
1264 557 1324 591 ac
1361 542 1560 592 dilectis
1594 541 1716 605 filijs
1754 579 1765 591 .
1805 579 1816 590 .
1855 542 2124 591 abbatibus
2162 580 2173 592 .
2212 580 2224 591 .
2262 544 2513 607 prioribus
2572 579 2583 590 .
2641 580 2652 590 .
2706 542 2977 606 prepositis

599 661 611 674 .
651 662 662 677 .
701 627 923 688 decanis,
958 619 1209 694 capitulis,
1246 626 1494 690 collegijs‚
1532 628 1887 688 conuentibus,
1924 636 2028 676 tam
2067 628 2396 687 secularibus,
2434 641 2585 691 quam
2643 626 2977 688 regularibuS,

598 713 848 776 exemptis
883 720 935 761 ct
969 726 1074 761 non
1109 712 1377 775 exemptis,
1414 713 1648 761 ordinum
1684 726 2111 774 quorumcunque,
2148 727 2344 762 necnon
2393 713 2658 760 domorum
2710 711 2977 774 hospitalis

596 797 760 845 sancti
797 795 1052 845 Johannis
1090 796 1512 856 Jerosolimitani‚
1548 797 1696 845 beate
1746 795 1911 845 Marie
1966 796 2417 858 Theotonicorum‚
2477 804 2527 844 et
2577 795 2976 854 Calatrauensis,

597 881 870 944 magistris,
906 880 1160 945 prioribus
1198 889 1249 929 et
1282 880 1663 945 preceptoribus
1697 882 1749 929 in
1783 880 2033 945 Norweye
2069 881 2259 931 Swecie
2295 896 2357 929 ac
2410 880 2570 931 Gocie
2627 880 2798 943 regnis
2856 895 2978 928 con-

597 964 806 1023 stitutis,
842 980 934 1028 pro
969 967 1284 1030 repressione
1320 965 1654 1014 hereticorum
1693 973 1745 1013 et
1779 965 2056 1015 infidelium
2091 966 2337 1014 aduersus
2395 967 2546 1014 deum
2598 972 2651 1014 et
2708 964 2974 1013 ecclesiam

597 1065 656 1098 ac
692 1049 843 1098 fidem
880 1050 1201 1111 catholicam,
1237 1051 1290 1098 in
1327 1050 1541 1099 diuersis
1576 1050 1725 1100 Italie
1760 1049 1989 1113 partibus
2025 1048 2300 1099 crudeliter
2334 1050 2646 1099 seuiencium
2682 1058 2734 1098 et
2762 1064 2974 1115 suppor-

598 1135 765 1183 tandis
799 1134 1157 1197 multiplicium
1212 1149 1552 1199 expensarum
1603 1135 1841 1184 oneribus
1895 1134 2108 1183 ecclesie
2161 1134 2392 1183 Romane
2445 1133 2849 1184 incumbentibus
2908 1149 2971 1182 ex

594 1219 872 1282 premissis,
909 1220 973 1268 ad
1011 1234 1107 1281 que
1144 1221 1255 1283 ipsa
1291 1220 1508 1268 ecclesia
1541 1234 1632 1281 per
1666 1234 1720 1268 se
1756 1234 1862 1268 non
1899 1217 2107 1277 sufficit,
2158 1233 2249 1282 per
2306 1219 2434 1269 alias
2487 1227 2691 1269 nostras
2746 1219 2973 1267 diuersas

594 1304 791 1352 litteras
827 1302 1108 1353 subsidium
1145 1304 1478 1366 imploramus
1515 1305 1565 1353 in
1604 1304 1795 1353 eisdem
1829 1304 2011 1353 litteris
2064 1303 2422 1353 nichilominus
2481 1305 2860 1366 subiungenteS,
2918 1312 2975 1351 ut

593 1389 743 1438 uobis
779 1396 832 1437 et
866 1396 1093 1437 uestrum
1129 1388 1337 1437 cuilibet
1371 1389 1643 1438 insolidum
1681 1403 1808 1451 quos
1843 1390 1908 1437 ad
1962 1390 2098 1437 dicta
2148 1403 2308 1451 regna
2359 1396 2567 1453 propter
2617 1390 2711 1438 hec
2770 1396 2821 1435 et
2873 1388 2974 1436 alia

594 1482 786 1534 nostra,
823 1480 875 1522 et
908 1472 1121 1521 ecclesie
1157 1481 1434 1522 memorate
1493 1475 1710 1537 negocia
1766 1473 2083 1537 prouidimus
2142 1474 2485 1535 destinandos,
2539 1481 2718 1522 curent
2771 1474 2821 1520 in
2873 1474 2970 1520 hac

592 1566 739 1622 parte
779 1558 1000 1617 credere,
1037 1572 1099 1607 ac
1134 1559 1285 1606 fidem
1321 1558 1581 1607 indubiam
1617 1558 1874 1606 adhibere.
1943 1557 2054 1607 Nos
2091 1559 2426 1619 attendenteS‚
2464 1559 2597 1620 quod
2635 1566 2842 1621 propter
2894 1557 2971 1605 lo-

595 1658 772 1693 corum
808 1642 1063 1692 districtus
1100 1651 1151 1692 et
1185 1643 1400 1692 marium
1448 1641 1690 1705 pericula,
1727 1649 1780 1691 et
1815 1643 2033 1691 aliorum
2069 1644 2396 1705 negociorum
2450 1644 2811 1707 occupationes
2870 1656 2969 1690 non

594 1728 812 1791 possetis
848 1727 1066 1777 forsitan
1101 1727 1169 1776 ad
1202 1727 1320 1776 loca
1355 1734 1407 1776 et
1442 1742 1686 1790 personas
1722 1728 1944 1789 singula,
1982 1728 2043 1775 de
2080 1728 2261 1790 quibus
2301 1735 2435 1777 esset
2468 1742 2561 1791 pro
2607 1728 2845 1790 predictis
2881 1742 2972 1776 ex-

595 1812 821 1875 pedicas,
859 1812 1196 1873 personaliter
1229 1827 1323 1861 uos
1360 1799 1623 1870 conferre‚‘
1648 1820 1705 1860 ut
1739 1813 1961 1875 quando,
1997 1812 2082 1861 ubi
2121 1827 2181 1861 ac
2217 1813 2458 1876 quociens
2496 1813 2837 1875 cognoueritis
2874 1826 2973 1858 ex-

595 1898 783 1960 pedire,
818 1896 1043 1961 prelatis,
1062 1897 1144 1945 vel
1179 1896 1294 1959 alijs
1329 1896 1562 1961 personis
1600 1894 1976 1956 ecclesiasticis,
2015 1898 2077 1945 de
2114 1898 2294 1961 quibus
2331 1898 2479 1946 uobis
2515 1898 2787 1957 uidebitur,
2807 1897 2977 1945 ualea-

596 1984 659 2030 tis
696 1995 847 2045 super
879 1982 981 2044 hijs
1017 1982 1336 2030 committere
1370 1982 1506 2030 vices
1559 1989 1772 2042 vestras,
1827 1982 1975 2031 uobis
2029 1989 2081 2030 et
2130 1991 2359 2032 uestrum
2412 1982 2620 2031 cuilibet
2672 1982 2872 2046 plenam
2924 1990 2976 2029 et

594 2067 806 2116 liberam
842 2065 1167 2116 concedimus
1205 2072 1380 2114 tenore
1415 2066 1736 2130 presencium
1783 2065 2097 2117 facultatem.
2188 2067 2385 2116 Datum
2437 2066 2695 2116 Auinione
2749 2083 2816 2115 .x.
2871 2066 2973 2114 kal.

596 2152 834 2201 Octobris
870 2151 1198 2216 pontificatus
1235 2150 1395 2200 nostri
1432 2166 1569 2200 anno
1605 2152 1876 2202 undecimo
1896 2146 1928 2201 ¹.

1214 2233 1352 2276 (Arch.
1385 2234 1467 2273 Vnt.
1497 2235 1588 2281 neg.
1618 2235 1722 2274 Secr.
1750 2235 1835 2274 Job.
1864 2236 1983 2275 ΧΧΙΙ.
2013 2235 2107 2276 ibid.
2139 2246 2197 2283 ep.
2228 2233 2360 2278 1008).

1289 2443 1386 2501 63.
1478 2443 1656 2502 1327.
1751 2445 1875 2500 lste
1921 2443 2282 2518 September.

730 2556 996 2607 «Iohannes
1033 2555 1301 2620 episcopus
1340 2573 1379 2606 s.
1418 2573 1456 2607 s.
1497 2559 1544 2606 d.
1582 2560 1845 2608 carissimo
1882 2558 1934 2607 in
1970 2557 2176 2608 Christo
2211 2559 2317 2607 filio
2351 2556 2546 2621 Magno
2583 2558 2692 2620 regi
2726 2557 2973 2621 Norweye

597 2641 798 2692 illustri.
839 2642 1056 2693 salutem
1091 2649 1143 2691 et
1177 2642 1518 2705 apostolicam
1553 2642 1975 2693 benedictionem.
2061 2642 2183 2693 Non
2240 2644 2353 2693 sine
2411 2643 2591 2705 grandi
2639 2643 2973 2692 admiratione

597 2734 836 2791 percepto
873 2729 1010 2790 quod
1044 2727 1214 2791 nuncij
1264 2727 1409 2791 regij‚
1463 2743 1588 2791 quos
1640 2727 1836 2792 pridem
1881 2728 1946 2776 ad
1992 2736 2221 2778 nostram
2274 2728 2590 2793 presenciam
2644 2738 2732 2777 tua
2783 2729 2978 2791 magni-

594 2812 809 2863 ficencia
867 2813 1142 2862 destinauit
1193 2814 1424 2874 nuncios,
1476 2827 1638 2877 nuper
1689 2813 1757 2860 ad
1810 2819 1979 2876 partes
2040 2828 2312 2875 regnorum
2372 2823 2576 2863 tuorum
2632 2814 2974 2866 transmissos,

596 2895 792 2946 deferre
828 2897 1024 2947 litteras
1059 2912 1150 2961 per
1185 2913 1309 2959 quas
1346 2905 1511 2946 totam
1545 2897 1815 2960 pecuniam
1851 2897 2045 2945 decime
2082 2898 2375 2949 sexennalis
2411 2913 2685 2961 regnorum
2721 2900 2974 2962 predicto-

596 2996 708 3029 rum
744 2981 836 3030 tibi
871 2985 1172 3032 mandamus
1210 2982 1420 3032 concedi
1456 2996 1682 3030 asserere
1717 2983 1772 3029 in
1805 2992 1895 3030 tua
1929 2982 2196 3044 precensia
2231 2982 2352 3030 licet
2385 2984 2434 3031 id
2461 2985 2665 3032 ueritati
2685 2983 2751 3031 sit
2770 2983 2973 3031 obuium

596 3075 1028 3130 presumpserunt,
1066 3066 1290 3129 regalem
1328 3065 1695 3115 excellenciam
1732 3072 1873 3114 tuam
1911 3066 2150 3114 uolumus
2184 3081 2287 3114 non
2320 3067 2497 3127 latere,
2534 3068 2671 3129 quod
2730 3082 2823 3115 nos
2876 3068 2975 3115 tuis

599 3157 649 3197 et
683 3164 956 3212 regnorum
992 3158 1197 3200 tuorum
1234 3150 1622 3200 necessitatibus
1658 3150 1839 3212 quibus
1875 3148 2063 3199 affectu
2100 3159 2315 3214 paterno
2353 3152 2694 3214 compatimur
2711 3151 2979 3213 diligenter

598 3235 804 3284 attentis
841 3242 895 3284 et
926 3236 1281 3286 nichilominus
1317 3238 1515 3299 magnis
1552 3236 1788 3285 oneribus
1842 3250 2181 3299 expensarum
2206 3231 2211 3240 '
2241 3236 2421 3298 quibus
2474 3236 2694 3285 ecclesia
2742 3237 2977 3285 Romana

597 3319 865 3381 presertim
899 3336 992 3384 pro
1030 3319 1359 3385 reprimendis
1397 3320 1736 3369 hereticorum
1773 3327 1824 3368 et
1875 3320 2155 3369 infidelium
2206 3321 2453 3370 aduersus
2512 3322 2662 3370 deum
2716 3328 2766 3368 et
2816 3320 2976 3384 ipsam

600 3403 872 3453 ecclesiam
907 3404 1156 3468 fidemque
1193 3405 1501 3453 catholicam
1555 3404 1605 3453 in
1651 3405 1863 3454 diuersis
1918 3403 2067 3453 Italic
2125 3405 2354 3468 partibus
2407 3406 2720 3455 seuiencium
2772 3406 2979 3453 ausibus

600 3487 887 3551 temerat-ijs
922 3500 1263 3553 pregrauatur
1295 3491 1346 3538 in
1383 3489 1841 3538 considerationem
1881 3490 2110 3539 deductis
2146 3498 2337 3539 certam
2375 3496 2572 3553 partem
2623 3491 2836 3552 pecunie
2895 3491 2981 3538 de-

600 3572 729 3621 cime
764 3573 1013 3636 prelibate
1051 3574 1140 3622 tibi
1169 3588 1257 3638 per
1291 3576 1505 3623 nuncios
1541 3574 1680 3637 ipsos
1719 3574 1812 3622 sub
1849 3574 2000 3623 certis
2025 3573 2202 3624 'modis
2240 3583 2291 3622 et
2344 3573 2519 3624 formis
2573 3574 2787 3623 concedi
2838 3589 2980 3622 man-

601 3658 837 3707 dauimus
872 3674 964 3723 per
999 3667 1048 3709 te
1084 3659 1187 3708 alia
1221 3674 1312 3723 pro
1348 3658 1735 3708 necessitatibus
1774 3658 1988 3708 ecclesie
2023 3667 2303 3708 memorate
2339 3665 2537 3707 retenta
2563 3660 2694 3707 sicut
2719 3661 2770 3707 in
2798 3658 2978 3707 litteris

602 3743 790 3792 nostris
827 3743 1073 3794 confectis
1111 3759 1262 3809 super
1296 3744 1396 3793 hoc
1433 3745 1720 3794 continetur
1754 3744 1956 3807 plenius
1991 3750 2044 3792 et
2096 3743 2217 3793 dicti
2270 3743 2438 3805 nuncij
2495 3742 2683 3791 referre
2739 3752 2981 3806 poterunt

601 3827 724 3875 uiua
759 3842 902 3894 uoce.
975 3827 1232 3889 Quocirca
1267 3829 1590 3878 serenitatem
1629 3844 1870 3891 rogamus
1906 3829 2101 3890 regiam
2135 3829 2388 3877 attencius
2434 3834 2485 3876 et
2536 3828 2803 3877 hortamur
2859 3843 2980 3891 qua-

602 3912 736 3961 tinus
772 3922 916 3975 parte
954 3913 1086 3963 dicte
1123 3913 1317 3962 decime
1353 3927 1505 3975 quam
1539 3913 1752 3978 predicti
1788 3913 1954 3962 nostri
1988 3911 2160 3974 nuncij
2199 3913 2290 3961 tibi
2326 3911 2399 3960 fili
2435 3912 2693 3960 carissime
2729 3921 2902 3962 nostro
2930 3922 2981 3961 et

603 3998 817 4047 ecclesie
851 4006 1132 4048 memorate
1169 3998 1372 4047 nomine
1410 3999 1649 4046 duxerint
1683 3999 2062 4054 concedendam
2098 4013 2213 4046 cum
2249 3995 2528 4059 gratiarum
2556 3996 2758 4046 actione
2777 4007 2980 4061 recepta

602 4097 754 4143 super
787 4082 892 4132 alia
926 4082 1198 4133 deferenda
1231 4096 1323 4145 per
1357 4083 1562 4131 eosdem
1597 4082 1809 4133 nuncios
1863 4084 1930 4132 ad
1981 4083 2152 4131 sedem
2204 4082 2541 4145 apostolicam
2592 4081 2676 4129 uel
2731 4081 2981 4131 mittenda

601 4175 654 4216 et
688 4167 802 4230 alijs
838 4167 1069 4231 negocijs
1106 4169 1177 4216 eis
1212 4167 1264 4215 in
1301 4168 1469 4229 regnis
1506 4168 1744 4229 predictis
1781 4168 2061 4216 commissis
2100 4167 2172 4215 sic
2225 4167 2363 4226 ipsos
2423 4166 2550 4214 uelit
2601 4166 2787 4215 habere
2839 4167 2979 4229 regia

602 4252 888 4303 sublimitas
923 4254 1221 4317 propensius
1275 4252 1660 4300 commendatos
1713 4253 1849 4314 quod
1899 4261 2069 4316 preter
2119 4252 2465 4301 retributionis
2514 4260 2684 4300 eterne
2732 4252 2977 4314 premium

602 4345 831 4387 nostram
871 4348 924 4387 et
957 4340 1183 4388 eiusdem
1220 4336 1353 4385 sedis
1389 4337 1795 4385 benedictionem
1831 4345 1883 4385 et
1916 4337 2144 4399 graciam
2204 4336 2405 4385 uberius
2458 4337 2714 4384 merearis.
2784 4337 2977 4384 Datum

605 4423 862 4473 Auinione
899 4424 1001 4473 kal.
1040 4421 1352 4486 Septembris
1387 4422 1707 4484 pontificatus
1743 4420 1905 4470 nostri
1944 4435 2079 4469 anno
2115 4421 2393 4470 vndecimo.

1048 4504 1181 4553 (Arch.
1211 4506 1294 4546 Vnt.
1323 4506 1414 4552 Reg.
1443 4505 1546 4544 Secr.
1573 4504 1658 4541 Joh.
1690 4504 1801 4543 xxn.
1830 4505 1869 4542 Τ.
1899 4503 1959 4542 v1.
1989 4515 2049 4541 an.
2080 4504 2143 4544 xl.
2173 4504 2238 4542 fol.
2268 4504 2328 4542 56.
2357 4514 2418 4552 ep.
2446 4502 2554 4545 912).

665 4638 681 4663 ¹
709 4644 814 4681 neue
844 4645 950 4688 Biev,
981 4642 1047 4680 der
1075 4653 1193 4688 ogsaa
1225 4641 1341 4679 (indes
1369 4643 1379 4679 i
1407 4642 1547 4678 Texten
1578 4640 1631 4685 [S.
1664 4640 1709 4676 16
1738 4634 1801 4684 L),
1830 4650 1869 4676 er
1897 4640 1961 4676 lter
1989 4652 2059 4687 pua
2090 4640 2214 4678 Grund
2245 4640 2287 4677 af
2326 4641 2440 4686 noglc
2486 4639 2699 4683 Afvigeiscr
2738 4648 2788 4684 og
2829 4644 2864 4675 et
2907 4638 2979 4675 Pur

708 4711 888 4748 indi-bne
913 4711 1076 4757 'rrykfeil
1106 4711 1209 4756 igjen
1238 4709 1376 4755 aurykt
1405 4709 1496 4746 ester
1525 4709 1595 4746 den
1624 4709 1634 4745 i
1667 4707 1854 4755 nege-ten
1884 4708 2067 4754 indtngnc
2094 4707 2200 4756 Cepi.
