3534 5361
1642 351 1716 408 17

485 539 604 596 cias
649 558 720 595 ac
765 537 989 594 viarum
1039 536 1299 612 pericula
1337 545 1394 592 et
1416 535 1658 592 aliorum
1684 535 2059 610 negociorum
2084 534 2507 609 occupaciones
2529 553 2642 590 non
2668 552 2865 609 posse-

482 639 558 695 tis
596 637 873 695 *forcitan
921 639 996 694 ad
1061 638 1194 694 loca
1263 646 1319 693 et
1383 655 1659 710 personas
1724 637 1972 710 singula,
2019 637 2089 692 de
2132 636 2342 710 quibus
2386 644 2539 692 esset
2580 654 2685 710 pro
2730 654 2862 709 pre·

487 738 653 796 dictis
700 739 1033 814 expedienS,
1074 737 1456 813 personaliter
1492 756 1598 793 uos
1644 736 1921 806 conferre,
1952 747 2018 794 ut
2062 736 2294 810 quando
2342 745 2398 792 et
2440 735 2557 805 vbi,
2603 754 2672 791 ac
2718 754 2863 809 quo-

488 840 642 897 ciens
689 838 1080 913 cognoueritis
1127 837 1418 912 expedire,
1436 837 1674 912 prelatis
1708 837 1805 893 uel
1850 837 1975 893 aliis
2020 837 2279 911 personis
2325 835 2749 905 ecclesiasticis,
2795 836 2867 892 de

490 939 698 1014 quibus
740 941 909 998 uobis
956 939 1264 1009 uidebitur,
1309 937 1553 995 valeatis
1598 956 1774 1012 super
1815 937 1923 994 biis
1982 937 2338 994 committere
2402 935 2560 994 vices
2625 945 2869 1007 uestras,

488 1041 655 1096 vobis
700 1051 758 1097 et
801 1050 1057 1098 vestrum
1106 1039 1342 1096 cuilibet
1386 1038 1616 1113 plenam
1663 1047 1720 1094 et
1762 1037 2004 1094 liberam
2061 1037 2431 1095 concedimus
2495 1046 2695 1094 tenore
2739 1057 2870 1112 pre-

491 1142 746 1198 sencium
792 1141 1151 1199 facultatcra.
1251 1140 1472 1196 Datum
1517 1138 1813 1196 Auinione
1858 1138 2080 1195 decimo
2123 1137 2350 1195 kalend.
2386 1137 2657 1197 Octobris
2681 1137 2870 1213 ponti-

493 1243 696 1299 ficatus
741 1243 919 1300 nostri
965 1260 1116 1298 anno
1160 1239 1319 1314 .xj¹!¹⁰.

661 1343 962 1400 ‚Iohannes
1008 1341 1318 1416 episcopus
1359 1359 1561 1397 seruus
1626 1358 1925 1396 seruorum
1996 1338 2102 1396 dei.
2170 1339 2393 1397 dilectis
2443 1338 2572 1398 filiis
2627 1339 2874 1396 Iohanni

495 1444 567 1500 de
613 1444 831 1502 Serone
872 1442 1050 1518 priori
1095 1449 1415 1499 conuentus
1461 1439 1696 1497 fratrum
1744 1440 1962 1497 ordinis
2005 1443 2435 1516 predicatorum
2481 1441 2552 1497 de
2611 1440 2874 1516 FigiacO,

498 1545 889 1615 Caturcensis,
915 1553 971 1599 et
1015 1543 1316 1599 Bernardo
1363 1543 1432 1598 de
1479 1541 1698 1601 Ortolis
1733 1542 1945 1598 rectori
1969 1542 2210 1599 ecclesie
2233 1542 2304 1598 de
2330 1541 2675 1613 Noualibus,
2699 1541 2873 1599 Elec-

497 1646 674 1703 tensis
717 1644 1054 1714 diocesium,
1079 1642 1397 1718 apostolice
1441 1643 1592 1700 sedis
1636 1643 1879 1715 nunciiS,
1903 1643 2146 1701 salutem
2185 1651 2241 1700 et
2277 1643 2654 1718 apostolicam
2699 1645 2874 1700 bene-

501 1746 839 1804 diccionem.
877 1744 1076 1803 -Cum
1146 1763 1372 1801 annuus
1438 1743 1536 1818 qui
1597 1744 1868 1802 denarius
1912 1744 2067 1801 beati
2111 1745 2273 1801 Petri
2318 1753 2580 1815 vocatur,
2626 1752 2684 1800 et
2726 1744 2876 1801 alius

503 1846 684 1903 eciam
731 1865 938 1902 census
980 1845 1037 1901 in
1082 1845 1396 1918 Norwegie
1441 1845 1665 1902 Swecie
1712 1864 1781 1901 ac
1838 1844 2024 1903 Gocie
2069 1845 2261 1919 regnis
2304 1845 2470 1903 nobis
2516 1855 2572 1902 et
2616 1846 2877 1902 Romane

503 1946 744 2004 ecclesie
791 1918 1276 2002 debeantur.>‘nos
1321 1945 1580 2002 volentes
1638 1946 1847 2003 nostris
1916 1954 1972 2002 et
2037 1945 2277 2004 ecclesie
2336 1946 2594 2022 predicte
2657 1945 2879 2002 iuribus

503 2048 848 2123 prospicere.
895 2066 964 2103 ac
1010 2047 1080 2102 de
1125 2054 1314 2102 vestre
1360 2045 1901 2120 circumspeccionis
1944 2045 2226 2103 industria
2269 2045 2499 2121 plenam
2544 2046 2602 2102 in
2648 2045 2879 2102 domino

504 2149 773 2205 fiduciam
820 2147 1159 2204 obtinentes.
1204 2146 1454 2221 petendi,
1481 2146 1809 2221 colligendi,
1834 2147 2119 2222 exigendi,
2165 2155 2222 2203 et
2264 2145 2595 2220 recipiendi.
2639 2166 2744 2221 per
2774 2166 2882 2204 uos

506 2249 602 2305 uel
648 2249 823 2305 alium
868 2268 970 2306 seu
1016 2248 1179 2320 alios,
1227 2266 1431 2305 census
1476 2247 1788 2322 predictOS,
1817 2269 1852 2305 a
1886 2247 2144 2323 personis
2180 2246 2584 2305 ecclesiasticis
2618 2256 2675 2304 et
2716 2265 2882 2304 secu-

506 2349 726 2407 laribus
771 2368 1079 2424 regnorum
1112 2349 1538 2423 predictorum,
1582 2348 1999 2424 cuiuscumque
2044 2349 2157 2404 sint
2200 2347 2604 2423 preminencie,
2650 2346 2884 2419 ordiniS,

511 2449 882 2521 condicionis,
929 2458 986 2506 et
1028 2458 1230 2521 statuS,
1275 2450 1459 2506 eciam
1503 2449 1550 2507 si
1594 2449 1910 2525 pontificali
1955 2449 2051 2506 uel
2098 2448 2305 2524 quauis
2349 2449 2465 2505 alia
2526 2449 2887 2523 premineant

512 2551 808 2625 dignitate,
830 2559 946 2606 tam
993 2570 1100 2625 pro
1144 2560 1402 2625 tempore
1449 2570 1563 2625 quo
1605 2551 1779 2608 soluti
1822 2569 1937 2607 non
1982 2560 2114 2606 sunt
2161 2568 2335 2624 quam
2381 2550 2564 2607 eciam
2604 2549 2660 2605 in
2693 2559 2886 2624 poste-

505 2670 632 2709 rum
678 2669 863 2727 usque
901 2652 976 2708 ad
1018 2651 1448 2727 beneplacitum
1495 2651 1812 2727 apostolice
1856 2651 2024 2724 sedis,
2070 2651 2413 2709 informandi
2479 2669 2711 2727 quoque
2780 2670 2887 2708 vos

507 2772 681 2827 super
716 2753 1010 2827 premissis
1063 2752 1399 2827 simpliciter
1457 2762 1514 2810 et
1558 2754 1629 2810 de
1673 2752 1867 2828 plane,
1893 2754 2014 2812 sinc
2056 2753 2299 2827 strepitu
2344 2761 2402 2809 et
2443 2754 2631 2826 figura
2671 2750 2889 2824 iudicij,

508 2853 555 2911 si
595 2851 854 2910 videritis
899 2853 1191 2928 expedire,
1239 2872 1344 2911 nec
1389 2873 1502 2911 non
1546 2854 2000 2912 contradictores
2046 2866 2102 2911 et
2148 2854 2391 2912 rebelles
2418 2872 2488 2910 ac
2511 2852 2889 2928 impedientes

512 2972 908 3028 quoscumque
952 2973 1056 3028 per
1102 2971 1403 3011 censuram
1448 2954 1896 3012 ecclesiasticam
1937 2955 2339 3031 appellacione
2362 2962 2494 3029 post
2519 2953 2707 3028 posita
2732 2971 2888 3010 com-

511 3053 800 3130 pescendi,
845 3072 960 3110 non
1006 3053 1366 3111 obstantibus
1411 3054 1458 3111 si
1501 3055 1582 3113 eis
1625 3056 1720 3113 uel
1763 3075 1962 3113 eorum
2009 3055 2296 3131 aliquibus
2352 3053 2731 3112 communiter
2795 3052 2892 3110 uel

513 3154 740 3211 diuisim
785 3156 858 3210 ab
906 3155 1107 3211 eadem
1153 3156 1226 3211 sit
1291 3154 1426 3210 sede
1493 3155 1796 3228 indultum,
1864 3157 2018 3233 quod
2085 3155 2370 3227 interdici,
2435 3154 2727 3230 suspendi,
2792 3153 2890 3210 uel

515 3253 1004 3313 excommunicari
1041 3271 1154 3309 non
1196 3253 1417 3328 possint
1460 3275 1565 3330 per
1594 3256 1814 3315 litteras
1852 3256 2199 3332 apostolicas
2225 3276 2339 3314 non
2364 3255 2637 3313 facientes
2660 3255 2893 3330 plenam

517 3366 573 3414 et
617 3373 969 3431 expressam,
993 3372 1062 3410 ac
1110 3353 1180 3408 de
1225 3356 1406 3411 uerbo
1453 3358 1526 3412 ad
1560 3359 1803 3414 uerbum
1827 3358 1897 3414 de
1918 3357 2143 3415 indulto
2166 3356 2494 3415 huiusmodi
2521 3356 2895 3426 mencionem,

517 3467 572 3513 et
614 3454 919 3531 quibusuis
966 3453 1301 3529 priuilegiis,
1344 3456 1743 3532 indulgenciis,
1791 3469 1847 3515 et
1900 3458 2104 3515 litteris
2150 3457 2483 3533 apostolicis
2528 3456 2899 3532 generalibus

516 3557 610 3613 uel
656 3555 1006 3632 specialibus
1051 3555 1512 3632 quibuscumque
1559 3559 1864 3629 concessiS,
1888 3579 1991 3634 per
2036 3578 2148 3633 que
2174 3559 2475 3617 commisse
2520 3556 2687 3615 vobis
2731 3567 2897 3633 pote-

517 3657 680 3715 statis
725 3656 1031 3714 eccecucio
1078 3656 1339 3729 impediri
1382 3668 1577 3732 posset
1623 3679 1738 3735 quo
1785 3660 1958 3717 modo
2002 3659 2144 3716 libet
2198 3659 2293 3716 uel
2354 3657 2589 3732 differrj,
2634 3658 2897 3734 quitandi

519 3777 771 3832 quoque,
817 3764 874 3813 et
917 3755 1256 3812 absoluendi
1315 3776 1412 3814 eos
1468 3779 1504 3815 a
1571 3761 1780 3835 quibus
1844 3781 2051 3819 census
2118 3761 2450 3837 receperitis
2515 3760 2901 3834 supradictos.

521 3858 592 3915 de
637 3878 706 3915 eo
751 3857 907 3932 quod
952 3857 1025 3913 ab
1067 3855 1205 3930 ipsis
1248 3858 1506 3932 recipere
1543 3880 1648 3918 uos
1688 3860 2001 3936 continget,
2059 3861 2288 3937 plenam
2332 3861 2499 3919 vobis
2545 3868 2602 3917 et
2644 3870 2901 3918 vestrum

659 4107 894 4154 ncderste
927 4103 1106 4166 Linjer
1141 4105 1198 4153 af
1228 4106 1696 4171 naestforegaaende
1732 4109 1883 4168 Blad‚
1920 4111 1994 4157 thi
2040 4111 2126 4158 det
2178 4125 2232 4158 er
2283 4110 2403 4159 ikke
2461 4109 2795 4172 sandsynligt‚
2849 4118 2904 4158 at

660 4189 734 4236 alt
768 4190 855 4236 det
890 4190 1064 4250 evrigc
1101 4190 1250 4237 deraf
1279 4206 1370 4238 var
1404 4192 1719 4254 ubeskrevet‚
1757 4208 1825 4254 og
1860 4208 1943 4241 om
1981 4192 2207 4242 Skriften
2243 4195 2413 4255 endog
2466 4193 2595 4243 forst
2644 4194 2903 4257 begyndte

660 4288 760 4335 paa
795 4274 960 4321 auden
993 4274 1111 4324 Side
1149 4275 1204 4323 af
1236 4276 1439 4334 Bladet,
1475 4284 1667 4325 maatte
1703 4279 1843 4325 dette
1880 4279 1981 4340 dog
2016 4278 2337 4326 idetmindste
2376 4280 2505 4328 have
2539 4278 2735 4327 kunnet
2767 4294 2905 4326 rum-

659 4365 763 4404 met
797 4365 848 4404 ct
882 4357 985 4405 Par
1019 4359 1182 4407 Breve
1218 4359 1292 4407 til.
1362 4360 1448 4408 Da
1484 4361 1531 4408 vi
1569 4362 1673 4422 dog
1707 4362 1866 4422 ingen
1904 4363 2119 4410 bestemt
2148 4362 2348 4411 Vished
2385 4365 2512 4411 have
2538 4364 2731 4424 herom,
2753 4370 2906 4411 enten

662 4442 777 4488 med
813 4441 1026 4505 Hensyn
1064 4444 1121 4491 til
1156 4442 1409 4503 Antallet,
1447 4444 1570 4491 eller
1606 4460 1689 4493 om
1723 4445 2000 4494 Indholdet
2046 4446 2105 4495 af
2153 4449 2214 4495 de
2252 4448 2643 4511 sandsynligviis
2682 4446 2905 4496 indforte

662 4524 841 4583 Breve,
877 4524 1006 4575 have
1042 4529 1091 4575 vi
1128 4526 1172 4588 ej
1210 4527 1355 4575 villet
1390 4534 1578 4589 optage
1613 4528 1735 4576 flere
1771 4529 1863 4577 her
1895 4545 1995 4593 paa
2030 4532 2168 4579 dette
2224 4532 2364 4592 Sted,
2419 4547 2535 4580 men
2585 4531 2795 4580 heuvise
2848 4531 2906 4579 til

664 4614 749 4660 det
783 4611 1197 4674 diplomatariske
1235 4610 1477 4673 Anhang,
1512 4612 1641 4661 hvor
1675 4613 1777 4661 alle
1812 4614 2214 4664 vedkommende
2241 4615 2374 4663 disse
2394 4614 2645 4664 Nuncicrs
2665 4615 2907 4666 Sendclse

663 4696 962 4744 emanerede
995 4694 1286 4743 Pavebreve
1321 4694 1482 4744 findes
1517 4696 1772 4745 meddelte
1807 4696 1824 4745 i
1861 4698 2228 4761 chronologisk
2264 4699 2452 4750 Orden.

2465 4769 2501 4824 2
