3534 5361
1749 324 1868 382 158

1315 563 1410 621 32.
1506 564 1682 620 1285.
1782 565 1903 621 lste
1946 563 2298 620 November.

744 678 1004 727 Honorius
1042 678 1312 741 episcopus
1349 692 1390 725 s.
1428 694 1466 724 s.
1507 678 1552 725 d.
1592 677 1868 727 venerabili
1906 676 2047 726 fratri
2086 714 2097 725 .
2138 714 2149 725 .
2188 677 2432 741 episcopo
2464 675 2732 725 Arusiensi
2776 675 2994 724 salutem

609 764 697 810 erc.
771 763 1042 811 Intellecto
1063 762 1252 810 dudum
1273 759 1433 809 felicis
1454 763 1821 811 recordationis
1846 761 2098 811 Martinus
2124 778 2257 826 papa
2277 760 2427 828 .iiijt¹3⁸
2455 762 2786 823 predecessor
2803 766 2996 820 noster,

609 847 742 908 qnod
779 847 1028 895 nonnulla
1064 847 1126 895 de
1163 846 1374 906 decima,
1412 853 1463 894 et
1497 846 1894 895 obuentionibus
1931 846 2046 909 alijs
2082 846 2136 895 in
2168 847 2324 896 Datie
2362 854 2414 895 et
2448 845 2619 896 Svetie
2656 844 2828 907 regnis
2865 850 2997 893 terre

608 938 782 978 sancte
821 931 1045 984 subsidio
1083 931 1341 994 deputatis
1378 930 1597 980 collecta
1632 929 1853 991 fucrant,
1889 946 1985 993 que
2019 931 2294 980 venerabili
2333 930 2475 979 fratri
2503 937 2679 978 nostro
2704 929 2996 978 Bertrando

609 1014 993 1078 archiepiscopo
1029 1014 1340 1075 Arelatensi,
1378 1015 1499 1064 olim
1536 1014 1749 1063 ecclesie
1785 1015 2052 1065 Remensis
2089 1015 2352 1077 canonico,
2388 1023 2440 1065 et
2475 1022 2595 1064 tunc
2648 1027 2802 1077 super
2854 1012 2997 1062 colli-

610 1099 778 1160 genda
813 1099 864 1148 in
899 1100 999 1148 illis
1037 1100 1265 1164 partibus
1303 1101 1531 1163 predicta
1568 1100 1765 1148 decima
1802 1098 2069 1158 insistenti,
2108 1115 2211 1148 non
2248 1098 2453 1149 fuerunt
2489 1099 2811 1161 aliquatenus
2837 1098 2998 1160 assig-

609 1192 747 1242 nata,
784 1191 834 1232 et
870 1184 1041 1246 aliqua
1078 1186 1231 1233 etiam
1267 1193 1386 1248 post
1422 1185 1648 1233 eiusdem
1684 1183 1955 1232 Bertrandi
1995 1185 2057 1233 de
2093 1185 2320 1249 partibus
2356 1184 2457 1233 illis
2494 1198 2749 1232 recessum
2787 1197 2997 1231 reman-

611 1275 783 1317 serant
818 1268 940 1317 inibi
977 1268 1283 1330 colligenda,
1322 1269 1411 1318 tibi
1450 1285 1540 1333 per
1575 1284 1692 1317 suas
1728 1268 1824 1318 snb
1861 1277 1999 1316 certa
2035 1267 2203 1319 forma
2241 1271 2380 1319 dedit
2414 1269 2610 1317 litteras
2648 1267 2701 1316 in
2725 1266 2997 1326 mandatiS,

611 1359 667 1400 ut
702 1353 919 1402 collecta
956 1357 1005 1402 et
1041 1353 1331 1416 colligenda
1366 1352 1504 1412 inibi,
1545 1354 1751 1416 exigere
1788 1361 1839 1401 et
1875 1354 2096 1418 recipcre
2132 1354 2279 1418 lapsu
2317 1353 2558 1414 temporis
2597 1367 2703 1401 non
2745 1351 2998 1411 obstante,

609 1438 813 1487 nomine
850 1445 980 1487 terre
1018 1445 1192 1486 sancte
1230 1437 1518 1501 supradicte
1554 1453 1775 1486 curares.
1814 1453 1929 1486 cum
1967 1445 2138 1487 autem
2165 1440 2442 1504 predictam
2469 1438 2717 1486 decimam
2742 1451 2837 1499 pro
2863 1442 3000 1484 terra

609 1522 720 1584 ipsa
756 1529 1043 1585 promptam
1079 1521 1266 1570 habere
1305 1522 1535 1583 uelimus,
1573 1529 1623 1571 et
1662 1531 1930 1587 propterea
1969 1523 2208 1572 dilectum
2257 1522 2414 1571 filium
2473 1522 2840 1585 Huguitionem
2894 1520 2998 1584 ple-

610 1605 798 1654 banum
835 1607 996 1671 plebis
1035 1607 1095 1654 de
1157 1605 1473 1656 Castellione
1535 1606 1746 1654 Aretine
1802 1607 2035 1666 diocesiS‚
2096 1607 2417 1671 capellanum
2471 1614 2721 1666 nostrum,
2782 1606 2997 1655 latorem

609 1697 937 1751 presentium,
975 1693 1037 1740 ad
1080 1698 1126 1740 te
1163 1691 1453 1754 specialiter
1488 1692 1814 1752 destinemus,
1857 1690 2162 1741 fraternitati
2210 1699 2294 1741 tue
2344 1707 2433 1756 per
2479 1692 2766 1755 apostolica
2807 1690 2999 1755 scripta

612 1775 838 1823 districte
874 1775 1200 1839 precipiendo
1238 1776 1555 1837 mandamuS‚
1591 1777 1828 1839 quatinus
1868 1776 2028 1824 eidem
2067 1776 2336 1839 capellano
2363 1784 2526 1825 totam
2557 1776 2828 1840 pecuniam
2847 1790 2998 1838 quam

612 1860 673 1908 de
710 1860 948 1923 predictis
987 1861 1184 1909 decima
1221 1868 1273 1909 et
1310 1859 1702 1908 obuentionibus
1740 1860 2008 1923 collegisti,
2040 1869 2217 1909 nost-ro
2257 1869 2310 1911 et
2358 1861 2583 1925 predicte
2637 1866 2770 1910 terre
2823 1866 2999 1909 sancte

612 1944 827 2004 nomine,
863 1944 1067 1993 sublata
1103 1943 1406 1992 difficultate
1443 1945 1683 2007 qualibet,
1722 1945 1985 2008 assignare
2022 1960 2283 2009 procures,
2323 1945 2512 1995 faciens
2551 1946 2612 1994 de
2648 1945 3000 2007 assignatione

610 2029 898 2077 huiusmodi
935 2030 1112 2078 confici
1151 2031 1252 2078 duo
1288 2029 1493 2092 publica
1528 2029 1713 2078 similia
1741 2028 2103 2092 jnstrumenta,
2141 2046 2356 2092 quorum
2396 2031 2610 2080 alterum
2648 2030 2740 2079 tibi
2760 2029 2998 2088 retineas,

612 2114 759 2162 nobis
780 2113 1028 2176 reliquum
1049 2114 1452 2162 transmissurus.
1522 2114 1717 2162 Datum
1741 2115 1902 2164 Rome
1924 2115 2060 2179 apud
2082 2122 2314 2164 sanctam
2336 2115 2580 2165 Sabinam
2598 2114 2701 2163 kal.
2723 2113 2999 2164 Novembr.

613 2205 754 2261 pont.
793 2199 951 2254 nostri
990 2213 1123 2247 anno
1160 2198 1340 2262 primo.

1300 2279 1433 2324 (Ar-cb.
1465 2282 1548 2318 Vat.
1582 2282 1672 2328 Reg.
1704 2282 1842 2320 Honor.
1871 2282 1931 2319 tv,
1961 2292 2023 2321 an.
2053 2282 2079 2318 1.
2110 2292 2172 2329 ep.
2202 2277 2307 2324 213).

1326 2506 1422 2563 33.
1518 2505 1694 2562 1285.
1790 2508 1913 2564 Iste
1958 2505 2309 2566 November.

749 2620 1011 2670 Honorius
1049 2620 1318 2685 episcopus
1356 2635 1395 2669 s.
1432 2636 1471 2669 s.
1511 2621 1556 2668 d.
1598 2620 1784 2670 dilecto
1820 2621 1926 2671 filio
1961 2621 2266 2685 Huguitioni
2304 2621 2524 2685 plebano
2559 2620 2721 2686 plebis
2781 2622 2843 2669 de
2904 2618 3004 2670 Ca-

615 2707 846 2755 stellione
885 2706 1096 2755 Aretine
1134 2707 1367 2765 diocesis,
1406 2706 1671 2769 capellano
1709 2715 1904 2767 nostro,
1942 2707 2205 2756 collectori
2243 2707 2436 2756 decime
2472 2707 2524 2757 in
2561 2721 2719 2768 regno
2751 2704 3003 2770 Norweye

617 2798 748 2839 terre
785 2799 957 2839 sancte
994 2791 1218 2840 subsidio
1257 2793 1496 2856 deputate
1551 2791 1766 2840 salutem
1806 2793 1892 2840 &c.
1976 2790 2107 2841 Cum
2160 2791 2434 2840 venerabili
2490 2789 2633 2841 fratri
2686 2797 2866 2839 nostro
2920 2827 2933 2839 .
2989 2827 3000 2839 .

616 2875 858 2939 episcopo
894 2875 1162 2925 Arusiensi
1200 2877 1376 2924 demus
1412 2890 1504 2940 per
1538 2884 1740 2924 nostras
1778 2876 1872 2924 sub
1911 2883 2052 2924 certa
2088 2874 2253 2925 forma
2287 2876 2486 2925 litteras
2523 2875 2574 2924 in
2628 2874 2900 2936 mandatiS‚
2948 2883 3004 2924 ut

618 2959 705 3007 tibi
746 2968 909 3010 totam
945 2962 1214 3023 pecuniam
1251 2976 1403 3023 quam
1441 2961 1502 3008 de
1541 2960 1738 3009 decima
1776 2969 1827 3009 et
1863 2960 2259 3010 obuentionibus
2295 2959 2347 3007 in
2380 2959 2537 3008 Datie
2574 2968 2625 3008 et
2661 2959 2835 3009 Suetie
2893 2974 3005 3022 reg-

618 3045 693 3093 nis
732 3051 864 3092 terre
903 3053 1077 3094 sancte
1115 3045 1342 3093 subsidio
1380 3045 1633 3109 deputatis
1672 3044 1899 3108 collegit,
1937 3045 2027 3092 tibi
2065 3052 2260 3103 nostro,
2298 3051 2348 3092 et
2383 3044 2609 3092 eiusdem
2657 3052 2789 3093 terre
2828 3052 3006 3092 sancte

619 3130 823 3179 nomine
861 3130 1065 3179 sublata
1101 3129 1403 3180 difficultate
1441 3130 1668 3193 qualibet
1702 3130 1963 3191 assignare
1999 3134 2253 3190 procuret,
2299 3128 2535 3177 volumus
2590 3136 2642 3178 et
2692 3129 3005 3193 presentium

616 3215 703 3262 tibi
742 3222 916 3264 tenore
954 3215 1270 3277 mandamuS,
1291 3225 1539 3279 quatenus
1575 3215 1844 3279 pecuniam
1875 3206 2041 3278 'ipsam
2081 3219 2354 3277 postquam
2382 3213 2470 3261 tibi
2500 3212 2652 3263 fuerit
2674 3228 2765 3277 per
2788 3215 3006 3262 eundem

568 3344 571 3347 .
617 3300 911 3362 episcopum
951 3301 1229 3362 assignata,
1267 3301 1465 3349 dilectis
1500 3298 1619 3361 filijs
1656 3299 1825 3348 Bindo
1864 3299 2112 3361 Isquartie
2150 3299 2210 3346 de
2248 3297 2514 3359 Thomasij
2555 3297 2737 3361 Spilati
2775 3305 2827 3347 et
2878 3297 3005 3362 Lapi

614 3382 815 3446 Vgonis
853 3383 1024 3448 Spine,
1061 3400 1120 3432 ac
1158 3385 1475 3434 Jldebrando
1512 3384 1745 3445 Bruneti,
1792 3383 2077 3433 Jacomino'
2120 3382 2313 3444 Alfani‚
2372 3392 2424 3431 et
2473 3383 2690 3432 Forensi
2752 3381 3004 3432 Johannis

617 3468 793 3518 Alfani
832 3470 893 3518 de
928 3467 1236 3517 Alfanorum
1275 3469 1621 3530 societatibus,
1657 3469 1739 3516 uel
1777 3468 2028 3530 aliquibus
2066 3482 2155 3515 seu
2192 3466 2344 3515 alicui
2381 3481 2557 3517 eorum
2594 3469 2752 3527 socio,
2779 3468 2861 3516 uel
2889 3484 3005 3532 pro·

617 3556 838 3603 curatori
876 3553 1072 3602 ciuibus
1110 3562 1162 3602 et-
1198 3554 1564 3603 mercatoribus
1601 3552 1933 3612 Florentinis,
1989 3554 2051 3601 de
2105 3567 2320 3615 quorum
2378 3551 2626 3602 fidelitate
2686 3551 3005 3610 confidimus,

617 3639 710 3686 has
747 3637 838 3686 tibi
875 3638 1072 3686 litteras
1110 3637 1470 3699 deferentibus,
1508 3647 1684 3687 nostro
1739 3646 1791 3686 et
1850 3638 2076 3685 eiusdem
2130 3644 2261 3686 terre
2314 3644 2488 3687 sanct-e
2542 3639 2747 3687 nomine
2800 3637 3004 3686 sublato

618 3722 890 3771 cuiuslibet
925 3721 1243 3772 difficultatis
1281 3724 1550 3774 obstaculo
1588 3723 1852 3786 assignare
1889 3729 1941 3771 et
1994 3724 2247 3785 deponere
2300 3736 2561 3784 procureS,
2616 3722 2758 3787 equis
2810 3737 2902 3787 per
2955 3729 3004 3771 te

618 3803 750 3856 int'er
787 3809 1058 3857 societates
1097 3809 1300 3857 easdem
1338 3809 1656 3872 portionibus
1692 3808 2034 3866 diuidendam,
2075 3822 2226 3870 quam
2263 3805 2410 3855 nobis
2448 3807 2531 3854 uel
2567 3807 2648 3856 cui
2684 3808 3006 3857 mandaueri-

616 3909 728 3942 mus
764 3894 816 3942 in
852 3893 1084 3942 Romana
1120 3895 1260 3942 curia
1295 3894 1518 3957 predicte
1556 3900 1687 3942 terre
1722 3892 1931 3943 nomine
1969 3890 2149 3954 prefati
2188 3900 2495 3940 mercatores
2516 3900 2787 3942 teneantur
2809 3891 3007 3954 integre

617 3977 874 4027 exhibere.
913 3976 1102 4026 faciens
1141 3979 1202 4026 de
1239 3979 1585 4041 assignatione
1621 3986 1672 4027 et
1707 3976 2024 4040 depositione
2069 3975 2358 4025 huiusmodi
2413 3977 2514 4026 duo
2572 3977 2779 4041 publica
2825 3975 3036 4029 confici,

618 4063 802 4112 similia
831 4061 1190 4126 jnstrumenta,
1246 4079 1458 4127 quorum
1511 4063 1728 4112 alterum
1784 4063 1872 4111 tibi
1926 4063 2161 4121 retineaS,
2216 4068 2268 4109 et
2320 4060 2570 4123 reliquum
2622 4060 2767 4109 nobis
2813 4061 3005 4109 mittas.

616 4150 812 4198 Datum
847 4150 1010 4198 Rome
1047 4150 1184 4211 apud
1220 4158 1448 4198 sanctam
1487 4147 1728 4199 Sabinam
1764 4147 1869 4196 kal.
1905 4145 2209 4196 Nouembris
2248 4136 2400 4209 pont-J
2445 4146 2605 4194 nostri
2648 4160 2782 4194 anno
2825 4145 3004 4209 primo,

1311 4232 1440 4276 (Arch.
1473 4233 1555 4270 Vnt.
1585 4232 1678 4278 Reg.
1708 4233 1843 4269 Honor.
1874 4232 1919 4268 lv
1961 4242 2019 4268 an.
2050 4231 2075 4268 1.
2106 4241 2165 4279 ep.
2195 4225 2309 4274 214).

1325 4457 1422 4514 34.
1516 4457 1693 4515 1285.
1790 4459 1910 4514 lste
1954 4455 2310 4514 November.

753 4575 1012 4624 Honorius
1049 4575 1318 4637 episcopus
1354 4588 1392 4621 s.
1432 4589 1472 4622 s.
1512 4574 1559 4621 d.
1599 4573 1787 4621 dilecto
1823 4571 1929 4620 filio
1955 4570 2260 4634 Huguitioni
2286 4569 2505 4634 plebano
2532 4569 2695 4633 plebis
2719 4570 2785 4617 de
2807 4567 3007 4618 Castel-

619 4659 753 4708 lioue
790 4658 1003 4707 Aretine
1040 4658 1272 4719 diocesis,
1309 4658 1577 4721 capellano
1621 4664 1817 4718 nosti-0,
1854 4654 2118 4704 collectori
2174 4656 2365 4704 decime
2419 4654 2471 4703 in
2525 4668 2685 4715 regno
2737 4652 3005 4716 Norweye.
