3534 5361
1658 342 1733 399 97

683 534 831 591 Item
876 550 1028 589 anno
1072 549 1188 606 quo
1230 548 1422 604 supra.
1488 528 1580 585 die
1639 527 1825 603 prima
1868 525 2222 601 Septembris
2264 529 2486 605 Recepi
2534 548 2640 606 per
2680 549 2885 591 manus

517 633 829 691 eorundem
875 633 946 688 de
990 631 1267 688 fructibus
1313 628 1583 705 predictis
1627 627 2035 685 beneficiorum
2080 629 2425 687 vacancium
2466 629 2524 687 in
2562 630 2796 690 ciuitate
2831 642 2889 690 et

518 733 734 792 diocesi
779 732 1303 807 Stauangrensibus
1346 760 1430 768 —
1474 728 1628 804 .lviij.
1673 748 1849 785 marc.
1888 737 1945 785 et
1968 747 2037 786 Ν.
2060 748 2142 786 or.
2166 729 2296 786 den.
2324 740 2551 790 monete
2572 733 2886 793 Noricane.

685 836 833 892 Item
879 834 950 891 de
996 834 1208 891 eisdem
1253 832 1534 890 fructibus
1577 829 1985 888 beneficiorum
2030 830 2371 889 vacancium
2428 832 2486 890 in
2554 832 2789 892 ciuitate
2833 845 2891 893 et

520 934 734 993 diocesi
771 934 1239 994 Orchadensibus
1270 961 1334 970 -
1363 932 1477 1008 .xij.
1513 952 1689 990 marc.
1722 950 1843 1007 arg.
1876 931 1935 990 in
1970 932 2125 990 vasis
2157 940 2214 989 et
2246 932 2575 993 fracmentis
2608 936 2881 1010 ponderis

519 1037 814 1096 Noricani.

690 1138 834 1195 Item
879 1138 951 1195 de
995 1138 1206 1195 eisdem
1251 1135 1531 1193 fruct-ibus
1577 1133 1834 1192 collectis
1876 1133 1934 1189 in
1979 1133 2194 1191 diocesi
2258 1133 2622 1197 Nidrosiensi
2666 1168 2749 1177 —
2794 1138 2890 1213 .iij.

523 1259 699 1297 marc.
745 1258 876 1295 cum
923 1238 1156 1295 dimidia
1199 1237 1420 1314 argenti
1466 1236 1524 1293 in
1568 1235 1721 1294 vasis
1777 1244 1835 1292 et
1878 1233 2204 1292 fracmentis
2262 1237 2533 1311 ponderis
2594 1240 2895 1299 Noricani.

693 1341 840 1398 Item
888 1341 958 1399 de
1001 1340 1252 1416 quodam
1296 1340 1505 1397 Mutuo
1549 1337 1703 1395 facto
1748 1337 1865 1393 diio
1916 1335 2137 1394 Aslaco
2205 1336 2379 1396 Olaui
2445 1340 2616 1398 Militi
2682 1370 2760 1378 —
2807 1341 2899 1417 .vj.

528 1462 702 1500 marc.
747 1461 867 1518 arg.
912 1443 969 1499 in
1014 1442 1167 1501 vasis
1213 1451 1270 1499 et
1313 1439 1639 1498 fracmentis
1683 1438 1952 1513 ponderis
1991 1438 2291 1497 Noricani.

1173 1541 1419 1619 Recepit
1449 1540 1904 1614 justrumentum
1941 1540 1984 1598 J
1987 1542 2259 1602 ohannes.

1491 1709 1722 1784 ‚ccccvj.
1776 1729 1952 1768 marc.
2015 1710 2071 1786 ij.
2139 1732 2241 1772 ore
2305 1734 2437 1773 cum
2504 1715 2739 1775 dimidio
2797 1716 2903 1775 sol.

1574 1804 1805 1852 monete
1847 1796 2156 1855 Noricane.

1495 1878 1630 1953 .xxj.
1695 1899 1873 1938 marc.
1941 1900 2073 1939 cum
2137 1883 2373 1942 dimidia
2434 1905 2555 1962 arg.
2628 1885 2904 1962 ponderis

1576 1964 1875 2022 Noricani.

1496 2047 1586 2122 .vj.
1631 2068 1807 2107 marc.
1850 2068 1971 2125 arg.
2018 2051 2287 2126 ponderis
2328 2053 2608 2113 Noricani
2663 2073 2905 2130 compu-

1582 2141 1700 2192 tate
1742 2133 1936 2192 leuate
1981 2144 2038 2192 et
2080 2136 2370 2212 assignate
2412 2139 2561 2197 inter
2602 2139 2818 2197 debita.

535 1920 665 2001 [ap]
734 1926 973 1986 Summa
1016 1926 1183 1984 huius
1227 1924 1440 2001 pagine

873 2597 987 2673 De
1053 2596 1365 2701 quodam
1428 2595 1671 2673 debito
1735 2595 1973 2673 soluto
2037 2598 2105 2673 in
2170 2594 2585 2702 Norwegia.

715 2782 865 2838 Item
908 2800 1059 2839 anno
1102 2800 1216 2856 quo
1261 2801 1451 2857 supra.
1498 2781 1591 2839 die
1635 2780 1951 2856 penultima
1991 2780 2169 2856 Junij.
2213 2782 2436 2858 Recepi
2491 2802 2527 2840 a
2580 2784 2695 2841 diio
2763 2782 2913 2842 Ger-

551 2883 766 2940 mundo
811 2884 1090 2941 canonico
1135 2882 1402 2941 Osloensi
1444 2882 1676 2940 racione
1720 2881 1896 2938 debiti
1938 2881 1996 2938 in
2042 2901 2157 2958 quo
2203 2882 2309 2940 dfis
2346 2884 2556 2942 Petrus
2588 2884 2916 2960 Episcopus

551 2985 848 3044 Scarensis
892 2993 950 3041 et
993 2985 1100 3042 d'fis
1142 2985 1432 3042 Anundus
1478 2983 1652 3043 Stura
1698 2984 1869 3042 Miles
1915 2992 2079 3040 erant
2121 3001 2346 3041 camere
2388 2986 2485 3042 d‘fii
2529 2986 2709 3044 nostri
2766 3005 2918 3062 pape

552 3085 790 3161 obligati
834 3104 940 3161 pro
983 3094 1183 3142 mutuo
1226 3093 1461 3160 recepto
1505 3105 1542 3143 a
1584 3085 1757 3143 fratre
1802 3084 2071 3142 Johanne
2116 3084 2187 3140 de
2232 3084 2451 3144 Serone
2495 3095 2552 3144 et
2595 3088 2717 3146 eius
2760 3087 2918 3146 socio

554 3187 772 3262 pridem
814 3186 1130 3262 apostolice
1173 3187 1325 3245 sedis
1367 3185 1612 3261 Nuncijs
1653 3213 1737 3222 —
1782 3185 1899 3243 .lix.
1944 3204 2119 3242 marc.
2162 3184 2236 3258 vj.
2281 3205 2362 3243 or.
2407 3194 2464 3243 et
2516 3188 2753 3246 dimidia
2795 3207 2917 3263 arg.

554 3288 822 3364 ponderis
863 3287 1159 3346 Noricani.

1215 3388 1460 3464 Recepit
1489 3387 1942 3463 ¹instrumentum
1984 3387 2027 3445 J
2029 3389 2265 3445 acobuS.

1092 3816 1206 3893 De
1270 3813 1608 3895 Subsidio
1672 3816 1815 3893 dfio
1877 3840 2070 3918 pape
2135 3814 2406 3892 oblato.

731 4000 877 4057 Item
923 4018 1075 4057 anno
1117 4018 1234 4075 quo
1277 4018 1468 4075 supra.
1515 3999 1606 4056 die
1649 3999 1836 4075 prima
1880 3998 2233 4075 Septembris
2297 3999 2491 4076 recepi
2556 4018 2662 4076 per
2725 4018 2931 4057 manus

566 4101 665 4159 dfii
707 4100 984 4177 Episcopi
1029 4099 1336 4176 Bergensis
1378 4101 1662 4159 Johannis
1702 4101 1844 4159 Albi
1890 4110 1948 4159 et
1991 4102 2244 4161 Saluone
2285 4101 2490 4160 Ywari
2522 4101 2934 4160 canonicorum

566 4202 946 4278 Bergensium
990 4203 1062 4259 de
1104 4202 1361 4260 subsidio
1426 4201 1579 4259 facto
1622 4222 1727 4277 per
1771 4203 1906 4260 dfim
1952 4202 2310 4278 Episcopum
2355 4202 2806 4262 Orchadensem.
2857 4227 2928 4238 -

569 4304 742 4379 .xviij.
788 4323 963 4362 marc.
1003 4322 1126 4379 arg.
1170 4302 1231 4361 in
1275 4302 1600 4362 fracmentis
1643 4304 1912 4381 ponderis
1954 4304 2254 4362 Noricani.

1205 4405 1451 4481 Recepit
1481 4405 1932 4480 jnstrumentum
1974 4406 2292 4464 Johannes.

573 4568 720 4650 [ap]
767 4573 1008 4635 Summa
1047 4576 1217 4633 huius
1260 4574 1468 4651 pagine
1511 4600 1594 4612 —
1637 4572 1854 4647 .lxxvij.
1899 4592 2074 4631 marc.
2112 4572 2187 4647 vj.
2232 4591 2316 4631 or.
2350 4591 2483 4631 cum
2528 4573 2763 4631 dimidia
2806 4592 2933 4650 arg.

1645 4657 1913 4733 ponderis
1955 4657 2253 4716 Noricani.

2500 4775 2536 4831 7

2928 2632 3056 2671 suffit.
3079 2634 3112 2669 b.
