3534 5361
1640 338 1757 398 173

505 523 722 571 nardum
757 523 820 572 de
856 522 1052 574 Ortolis
1087 530 1337 574 rectorem
1372 521 1586 572 ecclesie
1624 522 1685 571 de
1723 520 2011 572 Noualibus
2046 522 2333 573 Electensis
2368 523 2650 574 diocesium
2684 531 2887 574 nostros

505 614 558 656 et
593 607 874 671 apostolice
910 606 1045 657 sedis
1080 607 1291 657 nuncios
1329 607 1391 656 de
1428 621 1643 670 quorum
1678 606 1925 657 fidelitate
1961 622 2022 657 ac
2066 606 2518 672 circumspectione
2566 609 2716 673 plene
2770 624 2888 657 con-

505 693 707 741 fidimus
741 693 806 742 ad
840 691 1089 756 Norweye
1126 692 1318 741 Swecie
1371 698 1421 740 et
1474 689 1631 740 Gocie
1690 706 1850 753 regua
1906 707 2000 756 pro
2053 692 2344 756 colligenda
2395 691 2637 757 *pecunie
2696 692 2888 741 decime

506 776 799 825 sexennalis
837 776 960 826 olim
1005 792 1095 841 per
1140 776 1304 826 felicis
1357 776 1722 825 recordationis
1785 774 2103 826 Clementem
2153 792 2339 840 papam
2376 792 2438 825 Ν.
2476 778 2888 840 predecessorem

506 867 737 909 nostrum
772 859 1008 924 imposite
1044 862 1096 910 in
1134 861 1348 911 consilio
1369 859 1649 910 Viennensi
1684 876 1779 925 pro
1817 860 2043 909 subsidio
2082 868 2212 909 terre
2249 868 2425 910 sancte
2461 869 2512 911 et
2547 861 2674 911 alias
2711 868 2889 910 contra

508 944 722 993 rebelles
759 954 812 994 et
845 946 1076 996 inimicos
1112 945 1365 996 catholice
1398 945 1515 994 fidei
1553 946 1899 995 conuertenda
1934 959 1995 993 ac
2031 943 2148 1006 alijs
2176 945 2324 995 certis
2350 946 2580 1010 negocijs
2608 953 2713 996 tam
2738 963 2892 1010 super

508 1030 686 1078 eadem
723 1030 920 1081 decima
954 1047 1107 1096 quam
1143 1030 1258 1093 alijs
1295 1029 1390 1078 sibi
1427 1044 1516 1092 per
1549 1031 1744 1080 litteras
1783 1037 1983 1079 nostras
2019 1029 2301 1079 commissis
2338 1031 2708 1092 prouiderimus
2740 1032 2890 1081 desti-

508 1114 702 1162 nandos
740 1112 1113 1165 fraternitatem
1150 1122 1289 1164 tuam
1324 1116 1624 1178 requirimus
1672 1122 1723 1163 et
1773 1115 2042 1163 hortamur
2093 1117 2329 1180 quatinus
2383 1116 2596 1165 nuncios
2647 1116 2785 1179 ipsos
2839 1124 2890 1165 et

509 1214 682 1248 eorum
719 1200 995 1262 quemlibet
1029 1200 1225 1249 habens
1261 1216 1353 1265 pro
1391 1208 1568 1250 nostra
1623 1207 1676 1249 et
1733 1198 2017 1262 apostolice
2074 1200 2205 1249 sedis
2257 1201 2542 1249 reuerentia
2592 1200 2889 1264 propensius

509 1286 894 1334 commendatos
931 1283 1004 1333 sic
1039 1283 1232 1333 eisdem
1269 1299 1415 1334 cures
1452 1284 1688 1334 assistere
1724 1282 1948 1345 consilijs
1984 1283 2193 1347 auxilijs
2230 1293 2281 1334 et
2316 1284 2579 1334 fauoribus
2629 1286 2890 1349 oportunis

508 1370 643 1431 quod
680 1369 776 1432 ipsi
812 1370 1029 1432 negocia
1064 1383 1155 1433 pro
1192 1368 1372 1432 quibus
1408 1369 1678 1418 mittuntur
1713 1369 1924 1419 ualeant
1957 1369 2196 1434 expedire
2223 1376 2312 1417 tua
2336 1370 2591 1420 mediante
2617 1370 2891 1419 directione

508 1452 738 1516 feliciter,
771 1462 925 1518 tuque
959 1455 1173 1517 proinde
1209 1460 1437 1502 nostram
1472 1460 1524 1503 et
1558 1455 1691 1503 sedis
1727 1456 1953 1519 predicte
1989 1453 2271 1503 uberiorem
2306 1456 2525 1518 gratiam
2561 1455 2737 1506 ualeas
2774 1470 2893 1519 pro-

508 1539 705 1588 mereri.
774 1539 973 1589 Datum
1007 1547 1059 1588 ut
1092 1555 1257 1602 supra.

649 1623 713 1673 In
750 1624 969 1673 eundem
1002 1625 1213 1673 modum
1320 1659 1332 1671 .
1404 1659 1416 1671 .
1488 1623 1876 1687 archiepiscopo
1910 1621 2202 1686 Vpsalensi.

644 1707 708 1757 Iu
743 1708 894 1757 eund.
930 1708 1052 1757 mod
1055 1742 1406 1757 .....
1479 1707 1718 1771 episcopo
1756 1707 2081 1771 Lincopcnsi.

643 1795 705 1844 In
739 1794 891 1844 eund.
927 1795 1047 1844 mod
1052 1829 1405 1843 .....
1477 1792 1719 1858 episcopo
1756 1791 2007 1843 Scarcnsi.

643 1879 707 1928 In
740 1881 890 1929 eund.
926 1880 1047 1930 mod
1052 1914 1405 1929 .....
1475 1880 1718 1944 episcopo
1753 1876 2135 1942 *Serngineusi

642 1964 705 2013 In
739 1966 891 2014 eund.
927 1965 1049 2015 mod
1054 2000 1406 2013 .....
1478 1964 1719 2028 episcopo
1754 1963 2019 2027 Bergensi.

643 2049 706 2098 In
741 2050 891 2100 eund.
928 2050 1049 2099 mod
1053 2084 1405 2098 .....
1476 2048 1720 2113 episcopo
1754 2046 2211 2113 *Satanaugrensh

645 2134 705 2183 In
745 2135 894 2184 eund.
931 2136 1050 2185 mod
1055 2169 1406 2183 .....
1477 2133 1716 2199 episcopo
1753 2132 2001 2183 Aboensi.

645 2219 706 2268 In
742 2220 889 2269 eund.
928 2220 1048 2269 mod
1053 2254 1405 2268 .....
1476 2219 1718 2283 episcopo
1754 2217 2138 2269 Wexsionensi.

644 2303 707 2353 In
742 2305 895 2353 eund.
931 2305 1049 2354 mod
1055 2339 1409 2353 .....
1480 2303 1721 2368 episcopo
1755 2303 2078 2354 Hamarensi.
2288 2301 2481 2351 Datum
2521 2308 2576 2349 ut
2610 2317 2779 2365 supra.

645 2388 708 2438 In
742 2389 893 2439 eund.
929 2390 1049 2439 mod
1052 2423 1405 2439 .....
1477 2388 1720 2453 episcopo
1756 2387 2049 2438 Hasloensi.

644 2473 706 2522 In
741 2473 891 2523 eund.
928 2474 1065 2524 mod.
1136 2510 1149 2523 .
1204 2470 1235 2523 ’.
1307 2509 1320 2523 .
1393 2509 1406 2522 .
1477 2470 1719 2537 episcopo
1756 2471 2058 2523 Scalotensi.

645 2557 709 2608 Iu
745 2560 896 2608 eund.
932 2560 1051 2608 mod
1057 2594 1413 2609 .....
1485 2558 1728 2623 episeopo
1764 2554 2132 2608 *HortadcnsL

648 2641 711 2693 In
746 2642 894 2694 eund.
931 2644 1054 2695 mod
1057 2678 1409 2693 .....
1485 2642 1728 2709 episcopo
1762 2642 2025 2695 Pharensi.

643 2728 705 2778 In
741 2728 890 2779 eund.
927 2730 1047 2779 mod
1051 2764 1404 2778 .....
1477 2729 1720 2794 episcopo
1755 2727 2103 2779 Nellandensi.

644 2813 705 2863 In
741 2815 892 2863 eund.
928 2816 1047 2864 mod
1053 2850 1407 2863 .....
1480 2813 1719 2879 episcopo
1756 2811 2197 2864 *Greneladiensi

646 2898 706 2947 In
741 2899 891 2948 eund.
927 2900 1046 2949 mod
1050 2935 1403 2948 .....
1478 2898 1719 2964 episcopo
1756 2898 2078 2950 *Sadorensi

647 2984 708 3033 In
745 2985 894 3033 eund.
930 2986 1050 3034 mod
1055 3020 1406 3034 .....
1480 2984 1723 3050 episcopo
1761 2984 1952 3035 Olensi.

1398 3066 1527 3114 (Ateii.
1557 3069 1642 3107 vat.
1671 3067 1766 3106 ibid.
1798 3079 1858 3117 ep.
1888 3066 2019 3114 2203).

1255 3208 1351 3266 58.
1445 3209 1624 3267 1326.
1714 3210 1855 3266 30te
1897 3209 2152 3286 August.

646 3321 911 3371 Johannes
946 3322 1214 3387 episcopus
1251 3338 1290 3372 s.
1336 3339 1376 3373 s.
1424 3325 1471 3373 d.
1527 3325 1712 3374 dilecto
1764 3324 1874 3375 filio
1925 3325 2084 3375 nobili
2143 3327 2252 3377 uiro
2305 3325 2541 3386 Erllinge
2590 3320 2898 3373 *Viokunni

510 3406 653 3468 regni
688 3404 937 3468 Norweyc
974 3405 1202 3467 dapifero
1239 3407 1453 3457 salutem
1491 3416 1543 3458 ct
1583 3409 1807 3472 apostol.
1846 3410 2096 3460 benedict.
2184 3411 2316 3462 Cum
2351 3425 2442 3474 pro
2479 3408 2630 3458 certis
2665 3407 2896 3471 negocijs

511 3506 603 3540 nos
642 3497 693 3539 et
728 3489 996 3539 ecclesiam
1033 3492 1319 3540 Romanam
1356 3507 1417 3541 ae
1453 3493 1797 3543 carrissimum
1832 3494 1886 3543 in
1922 3493 2128 3546 Christo
2163 3497 2321 3545 filium
2370 3501 2600 3543 nostrum
2647 3493 2894 3555 Magnum

512 3590 683 3638 regem
719 3574 967 3637 Norweyc
1002 3574 1252 3624 illustrem
1289 3578 1631 3639 tangentibus,
1657 3579 1872 3629 dilectos
1897 3580 2028 3630 filios
2055 3580 2347 3631 Johannem
2372 3580 2433 3627 de
2456 3578 2653 3627 Serene
2677 3576 2898 3640 priorem

512 3669 796 3708 conuentus
831 3658 1045 3708 fratrum
1081 3659 1459 3723 predicatorum
1497 3663 1559 3712 de
1594 3662 1809 3726 Figiaco
1847 3662 2172 3715 Caturcensis
2203 3673 2253 3714 et
2294 3663 2612 3713 Bernardum
2648 3663 2712 3710 de
2748 3660 2901 3712 Orto-

512 3746 573 3794 lis
609 3753 859 3794 rectorem
899 3744 1113 3793 ecclesie
1150 3746 1211 3792 de
1246 3744 1534 3795 Noualibus
1570 3747 1861 3797 Electensis
1912 3751 2206 3812 diocesium‚
2252 3756 2456 3800 nostros
2511 3755 2564 3796 et
2616 3746 2898 3811 apostolice

512 3832 645 3880 sedis
681 3830 894 3878 nuncios
930 3829 996 3876 ad
1034 3840 1192 3890 regua
1226 3828 1491 3895 Norweye‚
1526 3831 1719 3883 chcie
1772 3842 1824 3883 et
1882 3833 2042 3884 Gocie
2101 3832 2473 3898 prouiderimus
2535 3831 2896 3891 destinandos3

511 3915 830 3964 nobilitatem
870 3921 1009 3962 tuam
1046 3930 1287 3977 rogamus
1323 3916 1568 3965 attentius
1605 3924 1657 3966 et
1691 3918 1956 3968 hortamur
1993 3919 2228 3982 quatinus
2266 3910 2519 3981 predictos
2580 3916 2797 3966 nuncios
2852 3923 2902 3964 et

510 4014 688 4049 eorum
727 3998 1004 4061 quemlibet
1039 3999 1230 4048 habens
1266 4015 1358 4064 pro
1405 4009 1580 4051 nostre
1633 4010 1685 4051 et
1739 4001 2021 4065 apostolice
2074 4003 2207 4053 sedis
2260 4001 2544 4051 reuerentia
2597 4001 2900 4065 propensius

510 4083 912 4143 commendatos,
949 4082 1020 4131 sic
1057 4085 1245 4133 eisdem
1282 4084 1411 4134 uelis
1446 4100 1601 4149 super
1634 4086 1875 4151 predictis
1912 4087 2147 4138 assistere
2184 4086 2394 4150 auxilijs
2426 4085 2657 4148 eonsilijs
2687 4094 2738 4134 ct
2756 4084 2901 4133 sauo-

513 4168 651 4216 ribus
688 4167 972 4230 oportuniS,
1011 4169 1147 4230 quod
1184 4169 1279 4233 ipsi
1314 4166 1738 4232 nunciJ‘negocia
1775 4186 1867 4232 pro
1905 4171 2084 4235 quibus
2120 4173 2389 4220 mittuntur
2424 4170 2632 4220 ualeant
2660 4169 2900 4234 expedire

513 4258 604 4301 tuo
640 4250 820 4300 fauore
855 4253 1112 4301 mediante
1146 4250 1380 4313 feliciter,
1418 4262 1571 4318 tuque
1608 4265 1819 4317 propter
1850 4257 1951 4305 hoc
1987 4256 2213 4305 diuinam
2260 4264 2312 4306 et
2359 4256 2697 4319 apostolicam
2748 4256 2901 4303 bene-

512 4336 786 4385 dictionem
822 4342 874 4384 et
907 4336 1125 4399 gratiam
1160 4337 1364 4387 uberius
1400 4341 1655 4389 mereariS.
1731 4341 1929 4391 Datum
1965 4340 2225 4390 Aninione
2261 4341 2348 4403 ,iij.
2387 4339 2634 4389 kalendas
2672 4340 2898 4403 Septem-

510 4422 612 4469 bris
649 4421 976 4485 pontificatus
1011 4422 1173 4471 nostri
1210 4437 1343 4472 anno
1382 4423 1592 4473 decimo.

510 4500 514 4505 ’
647 4506 710 4556 In
744 4504 938 4555 eundem
971 4505 1155 4555 modum
1191 4507 1444 4557 nobilibus
1481 4509 1602 4557 uiris
1637 4507 1850 4558 Kanuto
1887 4508 2141 4559 ‚Iohannis
2167 4523 2442 4573 regnorum
2462 4509 2652 4559 Swecic
2672 4516 2723 4558 ct
2742 4507 2898 4559 Gocie

512 4589 762 4655 dapifero,
822 4590 1033 4640 Kanuto
1090 4591 1348 4651 Fulconis*‚
1406 4591 1617 4642 Kanuto
1668 4592 1863 4656 Magni,
1917 4593 2183 4657 Aringislo
2235 4593 2572 4655 Neskunungi
2626 4609 2896 4656 regnorum

510 4675 703 4726 chcie
739 4683 791 4723 et
827 4673 989 4725 Gocie
1022 4676 1325 4725 marescallo
1361 4692 1422 4725 ac
1457 4675 1652 4726 Karolo
1687 4678 2042 4740 Neskunungi.
2111 4679 2308 4728 Datum
2343 4686 2394 4727 ut
2427 4694 2593 4742 supra.

1392 4758 1531 4803 (Areh.
1564 4759 1648 4797 Vnt.
1678 4760 1771 4797 ibid.
1804 4770 1861 4807 ep.
1890 4758 2019 4802 2201).
