3534 5361
1639 347 1756 406 165

518 539 594 583 tes
629 533 871 583 Flandrie
904 533 1167 595 nauigare,
1206 532 1411 581 taudem
1448 537 1554 581 tam
1587 538 1740 581 naute
1778 545 1929 594 quam
1965 530 2197 580 nonnulli
2233 529 2319 593 alij
2380 528 2535 577 etiam
2592 527 2889 592 perditionis

516 619 625 682 filij,
661 618 745 682 qui
783 625 930 667 erant
963 618 1016 666 in
1048 617 1278 681 predicta
1313 618 1447 679 naui,
1483 617 1549 667 ad
1582 616 1842 665 interitum
1879 615 2131 666 dictorum
2165 622 2519 674 mercatorum,
2567 621 2620 661 et
2670 627 2889 676 occupa-

516 705 707 753 tionem
742 701 954 767 pecunie
990 717 1051 750 ac
1085 702 1330 751 mercium
1364 701 1651 751 huiusmodi
1688 700 1988 764 aspirantes,
2024 708 2077 750 et
2108 703 2239 751 inter
2274 715 2329 749 se
2362 714 2524 763 praua
2547 697 2760 747 consilia
2783 697 2888 746 ine-

514 795 681 847 untes,
717 788 769 836 in
803 786 966 837 noctis
1004 786 1240 846 tenebris,
1278 789 1330 835 in
1365 787 1624 850 predictos
1660 786 1827 836 socios
1863 792 1916 834 et
1950 786 2079 835 alios
2115 785 2268 834 ctiam
2305 784 2387 848 qui
2424 797 2597 833 secum
2633 789 2778 832 eraut
2803 796 2889 831 ne-

516 873 681 936 quiter
713 872 985 932 irruerunt,
1023 879 1074 920 et
1110 888 1175 921 ex
1212 872 1282 921 eis
1320 871 1456 920 circa
1489 871 1736 931 wdecim,
1773 870 1952 919 eodem
1991 868 2148 920 Gutio
2184 871 2454 919 dumtaxat
2487 874 2705 932 excepto
2741 868 2890 916 mise·

516 957 745 1007 rabiliter
776 956 1108 1020 interemptis,
1129 969 1404 1018 eorumque
1440 954 1736 1019 corporibus
1774 955 2014 1004 demersis
2050 955 2103 1004 in
2136 970 2277 1004 mare
2311 954 2577 1018 pecuniam
2614 959 2665 1002 et
2696 967 2889 1001 merces

514 1042 770 1107 predictas
805 1055 1056 1104 occupare
1093 1039 1482 1103 dampnabiliter
1514 1046 1931 1104 presumpserunt
1965 1041 2018 1088 in
2052 1039 2333 1089 animarum
2369 1053 2575 1088 suarum
2592 1036 2890 1102 periculum,

517 1141 579 1175 ac
612 1127 839 1176 eiusdem
874 1126 1010 1174 sedis
1045 1125 1298 1185 iniuriam,
1335 1132 1387 1173 et
1443 1124 1577 1173 dicte
1624 1130 1756 1173 terre
1815 1131 1989 1174 sancte
2042 1139 2147 1173 non
2204 1125 2460 1173 modicum
2514 1121 2887 1171 detrimentum.

514 1211 710 1261 Verum
747 1211 882 1261 sicut
913 1209 1202 1271 accepimus
1239 1214 1293 1257 tu
1329 1207 1487 1259 frater
1521 1208 1918 1274 archiepiscope,
1954 1224 2016 1258 ac
2051 1209 2289 1259 consules
2326 1208 2549 1258 ciuitatis
2582 1207 2889 1266 BremensiS‚

516 1305 776 1363 tamquam
809 1294 1176 1346 benedictionis
1211 1292 1320 1355 filij,
1356 1300 1408 1342 et
1441 1300 1696 1344 amatores
1734 1294 1830 1355 dei,
1867 1309 1928 1344 ac
1961 1300 2281 1359 promotores
2316 1292 2505 1356 negotij
2545 1299 2675 1341 terre
2715 1300 2891 1341 sancte

514 1381 872 1432 malefactores
906 1379 1201 1430 huiusmodi
1235 1378 1320 1442 qui
1355 1392 1472 1427 cum
1505 1380 1728 1442 acceptis
1777 1378 1957 1444 spolijs
2010 1380 2077 1429 ad
2127 1385 2297 1443 partes
2354 1378 2518 1426 Frisie
2570 1378 2890 1440 nauigarant,

514 1474 787 1531 postquam
822 1464 969 1515 uobis
1007 1466 1068 1514 de
1104 1461 1395 1513 huiusmodi
1429 1469 1723 1526 perpetrato
1760 1464 1949 1513 scelere
1985 1463 2229 1525 constitit,
2266 1477 2447 1524 capere
2482 1470 2633 1526 atque
2691 1463 2757 1511 ad
2813 1477 2891 1512 re-

515 1553 896 1617 cuperationem
930 1548 1146 1615 pecunie
1181 1561 1243 1597 ac
1276 1547 1520 1597 mercium
1553 1549 1895 1612 predictarum
1929 1563 2023 1614 pro
2060 1548 2252 1598 uiribus
2297 1547 2558 1598 intendere
2610 1546 2891 1608 studuistis,

514 1650 666 1700 super
700 1652 800 1700 quo
835 1634 1232 1687 sollicitudinem
1268 1639 1409 1681 tuam
1445 1632 1610 1696 dignis
1644 1633 1699 1683 in
1733 1633 1942 1684 domino
1978 1633 2215 1682 laudibus
2250 1633 2681 1693 commendantes,
2713 1630 2892 1681 frater·

516 1721 730 1770 nitatem
766 1729 907 1770 tuam
941 1733 1200 1783 rogamus,
1235 1731 1500 1767 monemus
1536 1724 1588 1767 et
1610 1717 1876 1768 hortamur
1910 1723 2104 1767 attente
2138 1732 2229 1781 per
2265 1716 2549 1782 apostolica
2583 1717 2674 1766 tibi
2702 1716 2893 1781 scripta

513 1806 829 1865 mandantes,
867 1804 1104 1870 quatinus
1138 1803 1417 1867 prudenter
1451 1803 1739 1863 attendens,
1777 1811 1830 1852 et
1864 1803 2134 1866 diligenter
2167 1803 2455 1863 aduertenS,
2491 1803 2629 1866 quod
2662 1803 2715 1851 in
2749 1816 2893 1852 recu-

513 1889 776 1954 peratione
811 1890 968 1954 ipsius
1004 1887 1220 1954 pecunie
1253 1887 1389 1937 dicte
1425 1894 1558 1938 terre
1593 1894 1774 1938 sancte
1807 1873 2112 1950 procuratur
2145 1884 2357 1946 utilitas,
2394 1900 2457 1935 ac
2491 1891 2748 1949 prestatur
2803 1888 2892 1937 ob-

513 1972 744 2037 sequium
780 1974 989 2024 domino
1026 1972 1155 2023 «Iesu
1191 1970 1399 2022 Christo
1448 1973 1534 2037 qui
1583 1988 1675 2038 pro
1727 1972 2040 2022 redemtione
2090 1971 2298 2021 humani
2355 1971 2554 2034 generis
2605 1971 2658 2020 in
2715 1971 2892 2021 eadem

514 2065 651 2108 terra
683 2065 901 2108 mortem
937 2057 1105 2107 subire
1140 2057 1309 2108 uoluit
1342 2058 1692 2121 temporalem,
1730 2057 1798 2107 ob
1837 2056 1974 2106 illius
2010 2064 2063 2106 et
2106 2054 2306 2121 prefate
2362 2055 2496 2106 sedis
2555 2056 2893 2106 reuerentiam

514 2143 582 2192 ad
615 2144 1054 2206 recuperationem
1087 2144 1299 2207 pecunie
1353 2156 1416 2191 ac
1466 2141 1710 2192 mercium
1765 2142 2127 2207 predictarum,
2179 2143 2312 2191 sicut
2368 2141 2586 2191 sollicite
2644 2141 2892 2205 incepisti,

514 2226 705 2277 uiribus
742 2225 866 2276 totis
899 2227 1150 2289 intendas,
1184 2241 1247 2276 ac
1281 2226 1425 2276 illam
1458 2227 1676 2277 fideliter
1708 2228 2049 2292 prosequaris·
2143 2226 2235 2277 «Ita
2288 2228 2425 2290 quod
2483 2225 2766 2275 auxiliante
2802 2225 2891 2274 tibi

514 2310 686 2360 diuina
722 2312 905 2374 gratia,
939 2312 1162 2375 pecunia
1195 2312 1308 2375 ipsa
1342 2318 1393 2360 et
1426 2326 1621 2362 merces
1657 2313 1812 2362 etiam
1848 2314 1912 2362 de
1947 2309 2290 2376 predictorum
2340 2308 2729 2361 malefactorum
2786 2324 2893 2360 ma-

511 2395 661 2445 nibus
698 2393 822 2460 eripi
858 2394 1068 2445 ualeant
1100 2401 1150 2445 et
1182 2395 1236 2445 in
1270 2409 1394 2444 usus
1429 2395 1666 2447 meliores
1702 2395 1950 2447 conuerti.
2017 2396 2224 2461 Nosque
2260 2393 2586 2445 deuotionem
2611 2401 2754 2446 tuam
2776 2411 2893 2460 pos·

514 2481 670 2530 simus
707 2480 891 2530 exinde
927 2481 1297 2530 commendare.
1353 2482 1621 2542 pecuniam
1681 2489 1853 2532 autem
1907 2496 2058 2546 quam
2114 2494 2416 2545 recuperare
2466 2481 2675 2544 poteriS,
2728 2481 2892 2530 eidem

515 2563 679 2615 Gucio
713 2565 798 2615 uel
812 2562 970 2615 Nerio
988 2563 1242 2614 «Iohannis
1277 2564 1386 2615 eius
1423 2567 1568 2616 socio
1602 2567 1793 2618 nostris
1828 2566 2196 2618 mercatoribus
2231 2565 2317 2615 uel
2353 2579 2530 2615 eorum
2576 2565 2893 2629 procuratori

512 2648 566 2699 in
599 2648 770 2714 aliquo
806 2656 919 2699 tuto
954 2648 1073 2700 loco
1109 2647 1269 2700 facias
1305 2650 1554 2715 assignari
1589 2667 1682 2718 per
1715 2668 1806 2704 eos
1841 2659 2034 2702 extunc
2068 2652 2135 2701 ad
2171 2666 2299 2715 opus
2336 2650 2470 2702 dicte
2506 2657 2637 2701 terre
2673 2650 2740 2701 ad
2773 2665 2892 2701 nos-

511 2739 642 2782 tram
672 2747 933 2799 ’cameram
969 2733 1311 2786 deferendam.
1405 2734 1664 2803 Quicquid
1715 2745 1888 2789 autem
1942 2752 2094 2802 super
2150 2736 2250 2785 hoc
2297 2735 2544 2786 duxeritis
2602 2735 2892 2786 faciendum

509 2818 658 2867 nobis
692 2832 786 2882 per
819 2825 935 2868 tuas
969 2818 1167 2869 litteras
1201 2818 1383 2870 harum
1418 2823 1601 2872 seriem
1636 2823 1955 2873 continentes
1992 2822 2198 2872 studeas
2233 2820 2454 2871 fideliter
2472 2820 2723 2870 intimare.
2783 2821 2892 2870 Da-

511 2908 620 2951 tum
654 2902 791 2966 apud
823 2900 1019 2953 Vrbem
1054 2911 1279 2954 ueterem
1316 2905 1418 2969 xij.
1454 2905 1567 2957 idus
1603 2905 1831 2970 Augusti
1866 2907 2192 2972 pontificatus
2228 2904 2390 2954 nostri
2425 2920 2561 2954 anno
2597 2907 2765 2955 tertio,

642 2985 890 3037 Nicolaus
927 2988 1014 3038 διο.
1052 2988 1252 3039 dilectis
1286 2989 1406 3051 filijs
1442 2990 1794 3040 communitati
1830 2991 2053 3041 ciuitatis
2106 2990 2402 3040 Bremensis
2452 2990 2537 3039 Suc.
2611 2986 2758 3047 (Ραα
2810 2984 2892 3038 det

509 3079 752 3120 noermeste
787 3068 1121 3140 hyelydendeffi
1219 3137 1357 3184 (Arcu,
1385 3140 1470 3180 vn,
1497 3141 1590 3188 neg.
1620 3141 1700 3179 Nic.
1733 3141 1792 3178 lv.
1822 3152 1885 3179 an.
1914 3141 1969 3180 ΙΙΙ.
1998 3152 2057 3190 ep.
2086 3137 2192 3186 343).

1260 3314 1357 3372 46.
1451 3315 1629 3374 1290.
1721 3315 1835 3372 7de
1878 3315 2133 3392 August.

643 3426 891 3478 Nicolaus
926 3428 1198 3493 episcopus
1235 3445 1273 3479 s.
1307 3445 1346 3478 s,
1386 3431 1432 3479 d.
1471 3429 1732 3480 carissimo
1770 3430 1823 3479 in
1859 3429 2065 3481 Christo
2099 3431 2207 3481 filio
2252 3424 2575 3495 R[udolpho]
2627 3429 2737 3493 regi
2789 3431 2891 3481 Ro-

509 3525 778 3561 manorum
807 3511 1016 3575 jllustri.
1085 3515 1174 3564 Ex
1208 3522 1352 3580 parte
1390 3509 1505 3574 [etc.
1543 3524 1593 3565 ut
1627 3531 1782 3580 supra
1815 3532 1965 3580 usque
2024 3513 2424 3578 detrimentum}
2511 3515 2704 3566 Verum
2758 3514 2893 3566 sicut

510 3597 797 3660 accepimus
832 3598 1134 3649 venerabilis
1169 3598 1326 3650 frater
1361 3606 1538 3649 noster
1573 3635 1584 3648 .
1624 3636 1637 3648 .
1673 3598 2089 3665 archiepiscopus
2126 3610 2177 3651 et
2213 3602 2385 3652 dilecti
2420 3601 2511 3664 filij
2550 3600 2890 3650 communitas

507 3679 799 3731 Bremensis
838 3676 948 3741 [etc.
983 3699 1132 3747 usque
1167 3679 1511 3747 nauigarant]‚
1547 3692 1818 3750 postquam
1855 3686 1927 3735 eis
1965 3686 2197 3736 constitit
2232 3688 2295 3736 de
2353 3686 2644 3736 huiusmodi
2698 3686 2890 3735 scelere

508 3774 816 3830 perpetrato,
851 3775 1094 3832 ceperunt
1127 3776 1180 3818 et
1212 3770 1278 3818 ad
1313 3770 1748 3834 recuperationem
1786 3772 2000 3833 pecunie
2035 3785 2096 3820 ac
2132 3771 2373 3822 mercium
2408 3773 2748 3836 predictarum
2793 3787 2888 3836 pro

509 3851 702 3902 uiribus
738 3853 1019 3904 elaborant.
1091 3851 1227 3914 Quia
1262 3869 1384 3903 uero
1422 3854 1737 3905 celsitudinis
1775 3856 1931 3919 regie,
1969 3872 2120 3920 quam
2157 3857 2369 3920 diligere
2403 3857 2648 3906 iustitiam
2680 3862 2733 3905 et
2749 3857 2889 3906 odire

510 3936 842 4000 iniquitatem,
876 3953 1195 4002 nequaquam
1233 3938 1554 4001 ambigimus,
1589 3939 1820 3989 fauorem
1860 3950 1912 3990 et
1945 3943 2163 4006 gratiam
2201 3943 2268 3991 ad
2302 3942 2736 4006 recuperationem
2776 3957 2889 4006 pre-

511 4021 761 4071 dictarum
796 4037 968 4073 rerum
1003 4022 1114 4074 fore
1151 4024 1402 4073 credimus
1440 4032 1739 4088 oportunOS,
1778 4027 2103 4076 serenitatem
2136 4026 2330 4090 regiam
2376 4042 2615 4089 rogamus
2669 4033 2722 4076 et
2771 4027 2888 4076 hor-

511 4113 680 4155 tamur
714 4113 927 4168 attente,
965 4108 1202 4171 quatinus
1237 4109 1606 4158 mercatoribus
1657 4110 1933 4160 antedictis
1986 4110 2071 4159 uel
2128 4126 2302 4160 eorum
2360 4110 2538 4160 nuntio
2596 4112 2890 4161 huiusmodi

509 4191 775 4254 negotium
809 4194 1234 4256 prosequentibus
1271 4208 1386 4242 cum
1421 4194 1486 4242 ab
1521 4193 1593 4242 eis
1631 4193 1786 4244 fueris
1832 4196 2103 4258 requisitus
2157 4196 2224 4244 ob
2278 4195 2501 4244 diuinam
2559 4203 2611 4244 et
2661 4205 2889 4246 nostram

510 4277 846 4326 reuerentiam
881 4283 931 4326 tc
964 4279 1209 4334 exhibeas
1245 4276 1582 4328 fauorabilem
1617 4286 1669 4328 et
1718 4280 2009 4342 benignum,
2056 4280 2139 4342 jta
2192 4281 2328 4343 quod
2386 4288 2471 4329 tue
2523 4282 2887 4344 magnitudinis

510 4359 730 4423 presidio
766 4360 1039 4423 mediante,
1074 4363 1288 4427 predicti
1321 4371 1630 4413 mercatores
1669 4371 1721 4413 et
1755 4379 1848 4428 pcr
1882 4379 2200 4429 consequens
2236 4371 2373 4414 terra
2408 4372 2587 4414 sancta
2620 4366 2889 4430 pecuniam

510 4444 691 4508 ipsam,
726 4445 833 4494 eius
871 4445 1098 4495 subsidio
1136 4447 1431 4510 deputatam
1466 4462 1766 4512 recuperare
1805 4449 2025 4511 ualeant,
2061 4465 2251 4513 nosque
2289 4449 2642 4500 celsitudinem
2694 4450 2888 4513 regiam

508 4535 718 4593 propter
752 4529 853 4579 hoc
891 4531 1056 4594 dignis
1091 4532 1144 4580 in
1181 4532 1388 4580 domino
1422 4531 1658 4581 laudibus
1694 4532 1931 4582 attollere
1968 4534 2249 4586 ualeamus.
2316 4536 2512 4585 Datum
2538 4537 2674 4600 apud
2694 4534 2887 4585 Vrbem

513 4621 738 4663 ueterem
777 4614 880 4677 .vij.
918 4614 1034 4664 idus
1069 4613 1296 4678 Augusti
1333 4616 1661 4680 pontificatus
1696 4619 1857 4667 nostri
1894 4633 2028 4668 anno
2066 4621 2232 4669 tertio·

1225 4697 1352 4744 (Aren.
1386 4699 1467 4737 νει.
1498 4700 1588 4747 Reg.
1618 4700 1699 4740 Nic.
1729 4701 1787 4740 Ν.
1817 4712 1877 4740 an.
1906 4703 1959 4742 ΙΙΙ,
1989 4713 2049 4750 ep.
2076 4700 2180 4745 343).
