<?xml version="1.0" encoding="UTF-8"?>
<!DOCTYPE html PUBLIC "-//W3C//DTD XHTML 1.0 Transitional//EN"
    "http://www.w3.org/TR/xhtml1/DTD/xhtml1-transitional.dtd">
<html xmlns="http://www.w3.org/1999/xhtml" xml:lang="en" lang="en">
 <head>
  <title>
</title>
<meta http-equiv="Content-Type" content="text/html;charset=utf-8" />
  <meta name='ocr-system' content='tesseract 3.04.00' />
  <meta name='ocr-capabilities' content='ocr_page ocr_carea ocr_par ocr_line ocrx_word'/>
</head>
<body>
  <div class='ocr_page' id='page_1' title='image "./paveligenuntier00kildgoog_0158.png"; bbox 0 0 3534 5361; ppageno 0'>
   <div class='ocr_carea' id='block_1_1' title="bbox 1714 353 1830 412">
    <p class='ocr_par' dir='ltr' id='par_1_1' title="bbox 1714 353 1830 412">
     <span class='ocr_line' id='line_1_1' title="bbox 1714 353 1830 412; baseline 0 0"><span class='ocrx_word' id='word_1_1' title='bbox 1714 353 1830 412; x_wconf 78' lang='lat'>142</span> 
     </span>
    </p>
   </div>
   <div class='ocr_carea' id='block_1_2' title="bbox 579 534 2988 1951">
    <p class='ocr_par' dir='ltr' id='par_1_2' title="bbox 579 534 2988 1951">
     <span class='ocr_line' id='line_1_2' title="bbox 581 534 2970 609; baseline -0.005 -16"><span class='ocrx_word' id='word_1_2' title='bbox 581 551 759 609; x_wconf 81' lang='lat' dir='ltr'>spectu</span> <span class='ocrx_word' id='word_1_3' title='bbox 797 543 908 605; x_wconf 86' lang='lat' dir='ltr'>agis</span> <span class='ocrx_word' id='word_1_4' title='bbox 944 541 1055 604; x_wconf 85' lang='lat' dir='ltr'>ejus</span> <span class='ocrx_word' id='word_1_5' title='bbox 1092 543 1176 605; x_wconf 91' lang='lat' dir='ltr'>qui</span> <span class='ocrx_word' id='word_1_6' title='bbox 1214 547 1398 589; x_wconf 85' lang='lat' dir='ltr'>cuncta</span> <span class='ocrx_word' id='word_1_7' title='bbox 1436 539 1693 597; x_wconf 84' lang='lat' dir='ltr'>discernit,</span> <span class='ocrx_word' id='word_1_8' title='bbox 1730 540 1926 602; x_wconf 80' lang='lat' dir='ltr'>sibique</span> <span class='ocrx_word' id='word_1_9' title='bbox 1972 553 2170 588; x_wconf 90' lang='lat' dir='ltr'>necnon</span> <span class='ocrx_word' id='word_1_10' title='bbox 2223 543 2277 585; x_wconf 86' lang='lat' dir='ltr'>et</span> <span class='ocrx_word' id='word_1_11' title='bbox 2332 537 2477 586; x_wconf 89' lang='lat' dir='ltr'>nobis</span> <span class='ocrx_word' id='word_1_12' title='bbox 2537 536 2621 599; x_wconf 93' lang='lat' dir='ltr'>qui</span> <span class='ocrx_word' id='word_1_13' title='bbox 2681 536 2817 584; x_wconf 89' lang='lat' dir='ltr'>circa</span> <span class='ocrx_word' id='word_1_14' title='bbox 2873 534 2970 583; x_wconf 89' lang='lat' dir='ltr'>hec</span> 
     </span>
     <span class='ocr_line' id='line_1_3' title="bbox 583 619 2972 689; baseline -0.005 -11"><span class='ocrx_word' id='word_1_15' title='bbox 583 642 785 678; x_wconf 87' lang='lat' dir='ltr'>omnem</span> <span class='ocrx_word' id='word_1_16' title='bbox 822 626 1136 689; x_wconf 78' lang='lat' dir='ltr'><strong>diligentiam</strong></span> <span class='ocrx_word' id='word_1_17' title='bbox 1174 625 1416 674; x_wconf 87' lang='lat' dir='ltr'>adhibere</span> <span class='ocrx_word' id='word_1_18' title='bbox 1451 624 1776 680; x_wconf 71' lang='lat' dir='ltr'>intendimus,</span> <span class='ocrx_word' id='word_1_19' title='bbox 1814 622 2066 671; x_wconf 81' lang='lat' dir='ltr'>teneberis</span> <span class='ocrx_word' id='word_1_20' title='bbox 2103 622 2312 670; x_wconf 80' lang='lat' dir='ltr'>reddere</span> <span class='ocrx_word' id='word_1_21' title='bbox 2349 623 2619 676; x_wconf 84' lang='lat' dir='ltr'>rationem,</span> <span class='ocrx_word' id='word_1_22' title='bbox 2651 619 2716 668; x_wconf 91' lang='lat' dir='ltr'>ab</span> <span class='ocrx_word' id='word_1_23' title='bbox 2756 628 2972 682; x_wconf 86' lang='lat' dir='ltr'>utroque</span> 
     </span>
     <span class='ocr_line' id='line_1_4' title="bbox 584 703 2974 776; baseline -0.005 -15"><span class='ocrx_word' id='word_1_24' title='bbox 584 726 676 776; x_wconf 86' lang='lat' dir='ltr'>pro</span> <span class='ocrx_word' id='word_1_25' title='bbox 713 712 905 760; x_wconf 88' lang='lat' dir='ltr'>meritis</span> <span class='ocrx_word' id='word_1_26' title='bbox 942 716 1255 773; x_wconf 87' lang='lat' dir='ltr'>recepturus,</span> <span class='ocrx_word' id='word_1_27' title='bbox 1293 710 1366 757; x_wconf 78' lang='lat' dir='ltr'>sic</span> <span class='ocrx_word' id='word_1_28' title='bbox 1402 709 1676 771; x_wconf 83' lang='lat' dir='ltr'>prudenter</span> <span class='ocrx_word' id='word_1_29' title='bbox 1710 709 1762 756; x_wconf 92' lang='lat' dir='ltr'>iu</span> <span class='ocrx_word' id='word_1_30' title='bbox 1809 707 1910 754; x_wconf 89' lang='lat' dir='ltr'>illis</span> <span class='ocrx_word' id='word_1_31' title='bbox 1963 706 2149 754; x_wconf 87' lang='lat' dir='ltr'>habere</span> <span class='ocrx_word' id='word_1_32' title='bbox 2213 715 2260 753; x_wconf 89' lang='lat' dir='ltr'>te</span> <span class='ocrx_word' id='word_1_33' title='bbox 2319 706 2543 762; x_wconf 79' lang='lat' dir='ltr'>studeas,</span> <span class='ocrx_word' id='word_1_34' title='bbox 2598 704 2670 753; x_wconf 91' lang='lat' dir='ltr'>sic</span> <span class='ocrx_word' id='word_1_35' title='bbox 2724 703 2974 762; x_wconf 87' lang='lat' dir='ltr'>consulte,</span> 
     </span>
     <span class='ocr_line' id='line_1_5' title="bbox 584 788 2973 859; baseline -0.003 -17"><span class='ocrx_word' id='word_1_36' title='bbox 584 797 717 859; x_wconf 87' lang='lat' dir='ltr'>qvod</span> <span class='ocrx_word' id='word_1_37' title='bbox 753 796 804 844; x_wconf 90' lang='lat' dir='ltr'>iu</span> <span class='ocrx_word' id='word_1_38' title='bbox 841 795 1101 855; x_wconf 87' lang='lat' dir='ltr'>utriusque</span> <span class='ocrx_word' id='word_1_39' title='bbox 1132 792 1329 854; x_wconf 87' lang='lat' dir='ltr'>judicio</span> <span class='ocrx_word' id='word_1_40' title='bbox 1367 807 1471 840; x_wconf 90' lang='lat' dir='ltr'>non</span> <span class='ocrx_word' id='word_1_41' title='bbox 1507 791 1673 840; x_wconf 91' lang='lat' dir='ltr'>solum</span> <span class='ocrx_word' id='word_1_42' title='bbox 1712 791 1840 839; x_wconf 87' lang='lat' dir='ltr'>vites</span> <span class='ocrx_word' id='word_1_43' title='bbox 1896 804 2021 853; x_wconf 90' lang='lat' dir='ltr'>pene</span> <span class='ocrx_word' id='word_1_44' title='bbox 2073 788 2488 853; x_wconf 80' lang='lat' dir='ltr'>confusionisque</span> <span class='ocrx_word' id='word_1_45' title='bbox 2538 788 2844 847; x_wconf 87' lang='lat' dir='ltr'>discrimina,</span> <span class='ocrx_word' id='word_1_46' title='bbox 2884 788 2973 836; x_wconf 91' lang='lat' dir='ltr'>sed</span> 
     </span>
     <span class='ocr_line' id='line_1_6' title="bbox 583 873 2978 939; baseline -0.004 -10"><span class='ocrx_word' id='word_1_47' title='bbox 583 881 748 928; x_wconf 90' lang='lat' dir='ltr'>laudis</span> <span class='ocrx_word' id='word_1_48' title='bbox 786 880 965 928; x_wconf 90' lang='lat' dir='ltr'>titulos</span> <span class='ocrx_word' id='word_1_49' title='bbox 1002 887 1054 927; x_wconf 89' lang='lat' dir='ltr'>et</span> <span class='ocrx_word' id='word_1_50' title='bbox 1091 879 1323 939; x_wconf 81' lang='lat' dir='ltr'>gratiam,</span> <span class='ocrx_word' id='word_1_51' title='bbox 1359 891 1419 925; x_wconf 90' lang='lat' dir='ltr'>ac</span> <span class='ocrx_word' id='word_1_52' title='bbox 1464 875 1810 925; x_wconf 81' lang='lat' dir='ltr'>retributionis</span> <span class='ocrx_word' id='word_1_53' title='bbox 1864 875 2116 937; x_wconf 86' lang='lat' dir='ltr'>premium</span> <span class='ocrx_word' id='word_1_54' title='bbox 2168 875 2471 936; x_wconf 88' lang='lat' dir='ltr'>assequaris.</span> <span class='ocrx_word' id='word_1_55' title='bbox 2559 873 2751 923; x_wconf 86' lang='lat' dir='ltr'>Forma</span> <span class='ocrx_word' id='word_1_56' title='bbox 2803 879 2978 922; x_wconf 86' lang='lat' dir='ltr'>autem</span> 
     </span>
     <span class='ocr_line' id='line_1_7' title="bbox 579 954 2976 1027; baseline -0.004 -14"><span class='ocrx_word' id='word_1_57' title='bbox 579 966 872 1026; x_wconf 87' lang='lat' dir='ltr'>juramenti,</span> <span class='ocrx_word' id='word_1_58' title='bbox 909 964 1046 1027; x_wconf 89' lang='lat' dir='ltr'>quod</span> <span class='ocrx_word' id='word_1_59' title='bbox 1081 970 1306 1025; x_wconf 83' lang='lat' dir='ltr'>prestare</span> <span class='ocrx_word' id='word_1_60' title='bbox 1342 961 1579 1010; x_wconf 76' lang='lat' dir='ltr'>volumus</span> <span class='ocrx_word' id='word_1_61' title='bbox 1616 958 1916 1006; x_wconf 86' lang='lat' dir='ltr'>collectores</span> <span class='ocrx_word' id='word_1_62' title='bbox 1954 958 2176 1017; x_wconf 90' lang='lat' dir='ltr'>eosdem,</span> <span class='ocrx_word' id='word_1_63' title='bbox 2214 958 2307 1005; x_wconf 89' lang='lat' dir='ltr'>hec</span> <span class='ocrx_word' id='word_1_64' title='bbox 2342 965 2435 1005; x_wconf 88' lang='lat' dir='ltr'>est.</span> <span class='ocrx_word' id='word_1_65' title='bbox 2507 956 2639 1006; x_wconf 80' lang='lat' dir='ltr'>Juro</span> <span class='ocrx_word' id='word_1_66' title='bbox 2677 971 2774 1019; x_wconf 86' lang='lat' dir='ltr'>ego</span> <span class='ocrx_word' id='word_1_67' title='bbox 2809 955 2874 1005; x_wconf 85' lang='lat' dir='ltr'>N.</span> <span class='ocrx_word' id='word_1_68' title='bbox 2911 954 2976 1004; x_wconf 79' lang='lat' dir='ltr'>N.</span> 
     </span>
     <span class='ocr_line' id='line_1_8' title="bbox 586 1041 2980 1106; baseline -0.003 -11"><span class='ocrx_word' id='word_1_69' title='bbox 586 1062 618 1095; x_wconf 88' lang='lat' dir='ltr'>a</span> <span class='ocrx_word' id='word_1_70' title='bbox 674 1047 819 1096; x_wconf 91' lang='lat' dir='ltr'>uobis</span> <span class='ocrx_word' id='word_1_71' title='bbox 884 1047 945 1096; x_wconf 80' lang='lat' dir='ltr'>N.</span> <span class='ocrx_word' id='word_1_72' title='bbox 1011 1047 1072 1095; x_wconf 88' lang='lat' dir='ltr'>N.</span> <span class='ocrx_word' id='word_1_73' title='bbox 1145 1046 1450 1096; x_wconf 88' lang='lat' dir='ltr'>auctoritate</span> <span class='ocrx_word' id='word_1_74' title='bbox 1516 1042 1802 1106; x_wconf 89' lang='lat' dir='ltr'>apostolica</span> <span class='ocrx_word' id='word_1_75' title='bbox 1869 1043 2143 1104; x_wconf 89' lang='lat' dir='ltr'>deputatus</span> <span class='ocrx_word' id='word_1_76' title='bbox 2207 1042 2456 1090; x_wconf 87' lang='lat' dir='ltr'>collector</span> <span class='ocrx_word' id='word_1_77' title='bbox 2520 1042 2586 1089; x_wconf 89' lang='lat' dir='ltr'>ad</span> <span class='ocrx_word' id='word_1_78' title='bbox 2650 1041 2980 1102; x_wconf 86' lang='lat' dir='ltr'>exigendum,</span> 
     </span>
     <span class='ocr_line' id='line_1_9' title="bbox 586 1124 2980 1194; baseline -0.003 -14"><span class='ocrx_word' id='word_1_79' title='bbox 586 1132 947 1193; x_wconf 88' lang='lat' dir='ltr'>colligendum,</span> <span class='ocrx_word' id='word_1_80' title='bbox 986 1139 1037 1180; x_wconf 92' lang='lat' dir='ltr'>et</span> <span class='ocrx_word' id='word_1_81' title='bbox 1070 1131 1416 1194; x_wconf 88' lang='lat' dir='ltr'>recipiendum</span> <span class='ocrx_word' id='word_1_82' title='bbox 1453 1128 1702 1177; x_wconf 82' lang='lat' dir='ltr'>decimam</span> <span class='ocrx_word' id='word_1_83' title='bbox 1740 1127 1966 1174; x_wconf 90' lang='lat' dir='ltr'>omnium</span> <span class='ocrx_word' id='word_1_84' title='bbox 2003 1127 2292 1174; x_wconf 85' lang='lat' dir='ltr'>reddituum</span> <span class='ocrx_word' id='word_1_85' title='bbox 2331 1135 2382 1175; x_wconf 91' lang='lat' dir='ltr'>et</span> <span class='ocrx_word' id='word_1_86' title='bbox 2417 1134 2760 1189; x_wconf 88' lang='lat' dir='ltr'>prouentuum</span> <span class='ocrx_word' id='word_1_87' title='bbox 2818 1124 2980 1173; x_wconf 90' lang='lat' dir='ltr'>eccle-</span> 
     </span>
     <span class='ocr_line' id='line_1_10' title="bbox 587 1208 2983 1277; baseline -0.003 -13"><span class='ocrx_word' id='word_1_88' title='bbox 587 1216 908 1264; x_wconf 86' lang='lat' dir='ltr'>siasticorum</span> <span class='ocrx_word' id='word_1_89' title='bbox 944 1216 1008 1264; x_wconf 89' lang='lat' dir='ltr'>ab</span> <span class='ocrx_word' id='word_1_90' title='bbox 1046 1216 1281 1264; x_wconf 89' lang='lat' dir='ltr'>omuibus</span> <span class='ocrx_word' id='word_1_91' title='bbox 1318 1214 1548 1277; x_wconf 84' lang='lat' dir='ltr'>personis</span> <span class='ocrx_word' id='word_1_92' title='bbox 1587 1211 1944 1260; x_wconf 88' lang='lat' dir='ltr'>ecclesiasticis</span> <span class='ocrx_word' id='word_1_93' title='bbox 1981 1224 2084 1258; x_wconf 90' lang='lat' dir='ltr'>uon</span> <span class='ocrx_word' id='word_1_94' title='bbox 2136 1213 2388 1274; x_wconf 86' lang='lat' dir='ltr'>exemptis</span> <span class='ocrx_word' id='word_1_95' title='bbox 2441 1212 2494 1259; x_wconf 92' lang='lat' dir='ltr'>in</span> <span class='ocrx_word' id='word_1_96' title='bbox 2542 1209 2605 1259; x_wconf 83' lang='lat' dir='ltr'>N.</span> <span class='ocrx_word' id='word_1_97' title='bbox 2658 1208 2723 1258; x_wconf 81' lang='lat' dir='ltr'>N.</span> <span class='ocrx_word' id='word_1_98' title='bbox 2771 1209 2983 1258; x_wconf 89' lang='lat' dir='ltr'>ciuitate</span> 
     </span>
     <span class='ocr_line' id='line_1_11' title="bbox 589 1294 2982 1360; baseline -0.003 -12"><span class='ocrx_word' id='word_1_99' title='bbox 589 1309 641 1349; x_wconf 92' lang='lat' dir='ltr'>et</span> <span class='ocrx_word' id='word_1_100' title='bbox 677 1303 869 1350; x_wconf 88' lang='lat' dir='ltr'>diocesi</span> <span class='ocrx_word' id='word_1_101' title='bbox 907 1301 1215 1348; x_wconf 90' lang='lat' dir='ltr'>constitutus</span> <span class='ocrx_word' id='word_1_102' title='bbox 1253 1314 1284 1347; x_wconf 90' lang='lat' dir='ltr'>a</span> <span class='ocrx_word' id='word_1_103' title='bbox 1320 1299 1439 1347; x_wconf 91' lang='lat' dir='ltr'>sede</span> <span class='ocrx_word' id='word_1_104' title='bbox 1476 1296 1763 1360; x_wconf 87' lang='lat' dir='ltr'>apostolica</span> <span class='ocrx_word' id='word_1_105' title='bbox 1815 1309 1906 1355; x_wconf 88' lang='lat' dir='ltr'>pro</span> <span class='ocrx_word' id='word_1_106' title='bbox 1966 1294 2194 1342; x_wconf 88' lang='lat' dir='ltr'>subsidio</span> <span class='ocrx_word' id='word_1_107' title='bbox 2249 1302 2379 1343; x_wconf 87' lang='lat' dir='ltr'>terre</span> <span class='ocrx_word' id='word_1_108' title='bbox 2435 1303 2614 1344; x_wconf 88' lang='lat' dir='ltr'>sancte</span> <span class='ocrx_word' id='word_1_109' title='bbox 2666 1308 2982 1353; x_wconf 82' lang='lat' dir='ltr'>concessam,</span> 
     </span>
     <span class='ocr_line' id='line_1_12' title="bbox 589 1379 2983 1447; baseline -0.003 -14"><span class='ocrx_word' id='word_1_110' title='bbox 589 1386 726 1447; x_wconf 87' lang='lat' dir='ltr'>quod</span> <span class='ocrx_word' id='word_1_111' title='bbox 760 1384 979 1433; x_wconf 89' lang='lat' dir='ltr'>fideliter</span> <span class='ocrx_word' id='word_1_112' title='bbox 1015 1386 1237 1445; x_wconf 84' lang='lat' dir='ltr'>exigam,</span> <span class='ocrx_word' id='word_1_113' title='bbox 1275 1383 1533 1443; x_wconf 83' lang='lat' dir='ltr'>colligam,</span> <span class='ocrx_word' id='word_1_114' title='bbox 1571 1380 1831 1442; x_wconf 88' lang='lat' dir='ltr'>recipiam,</span> <span class='ocrx_word' id='word_1_115' title='bbox 1869 1386 2022 1440; x_wconf 89' lang='lat' dir='ltr'>atque</span> <span class='ocrx_word' id='word_1_116' title='bbox 2059 1379 2347 1427; x_wconf 83' lang='lat' dir='ltr'>custodiam</span> <span class='ocrx_word' id='word_1_117' title='bbox 2383 1380 2545 1443; x_wconf 88' lang='lat' dir='ltr'>ipsam</span> <span class='ocrx_word' id='word_1_118' title='bbox 2586 1379 2857 1439; x_wconf 85' lang='lat' dir='ltr'>decimam,</span> <span class='ocrx_word' id='word_1_119' title='bbox 2881 1393 2983 1427; x_wconf 90' lang='lat' dir='ltr'>nou</span> 
     </span>
     <span class='ocr_line' id='line_1_13' title="bbox 592 1462 2986 1528; baseline -0.002 -13"><span class='ocrx_word' id='word_1_120' title='bbox 592 1467 864 1516; x_wconf 86' lang='lat' dir='ltr'>deferendo</span> <span class='ocrx_word' id='word_1_121' title='bbox 899 1470 950 1516; x_wconf 91' lang='lat' dir='ltr'>in</span> <span class='ocrx_word' id='word_1_122' title='bbox 999 1468 1094 1515; x_wconf 90' lang='lat' dir='ltr'>hiis</span> <span class='ocrx_word' id='word_1_123' title='bbox 1143 1467 1293 1515; x_wconf 86' lang='lat' dir='ltr'>alicui</span> <span class='ocrx_word' id='word_1_124' title='bbox 1345 1480 1577 1528; x_wconf 88' lang='lat' dir='ltr'>persone,</span> <span class='ocrx_word' id='word_1_125' title='bbox 1613 1464 1963 1525; x_wconf 88' lang='lat' dir='ltr'>cujuscunque</span> <span class='ocrx_word' id='word_1_126' title='bbox 2013 1462 2224 1523; x_wconf 88' lang='lat' dir='ltr'>ordinis,</span> <span class='ocrx_word' id='word_1_127' title='bbox 2280 1472 2465 1524; x_wconf 91' lang='lat' dir='ltr'>status,</span> <span class='ocrx_word' id='word_1_128' title='bbox 2517 1464 2842 1524; x_wconf 91' lang='lat' dir='ltr'>conditionis,</span> <span class='ocrx_word' id='word_1_129' title='bbox 2896 1469 2986 1513; x_wconf 90' lang='lat' dir='ltr'>aut</span> 
     </span>
     <span class='ocr_line' id='line_1_14' title="bbox 592 1547 2986 1615; baseline -0.002 -14"><span class='ocrx_word' id='word_1_130' title='bbox 592 1553 854 1615; x_wconf 87' lang='lat' dir='ltr'>dignitatis</span> <span class='ocrx_word' id='word_1_131' title='bbox 892 1553 1100 1610; x_wconf 85' lang='lat' dir='ltr'>existat,</span> <span class='ocrx_word' id='word_1_132' title='bbox 1140 1566 1304 1614; x_wconf 81' lang='lat' dir='ltr'>prece,</span> <span class='ocrx_word' id='word_1_133' title='bbox 1341 1551 1539 1608; x_wconf 89' lang='lat' dir='ltr'>timore,</span> <span class='ocrx_word' id='word_1_134' title='bbox 1562 1551 1742 1611; x_wconf 81' lang='lat' dir='ltr'>gratia,</span> <span class='ocrx_word' id='word_1_135' title='bbox 1769 1547 1848 1595; x_wconf 78' lang='lat' dir='ltr'>vel</span> <span class='ocrx_word' id='word_1_136' title='bbox 1885 1547 2083 1608; x_wconf 83' lang='lat' dir='ltr'>fauore,</span> <span class='ocrx_word' id='word_1_137' title='bbox 2121 1548 2201 1597; x_wconf 91' lang='lat' dir='ltr'>vel</span> <span class='ocrx_word' id='word_1_138' title='bbox 2238 1548 2339 1597; x_wconf 90' lang='lat' dir='ltr'>alia</span> <span class='ocrx_word' id='word_1_139' title='bbox 2375 1564 2676 1614; x_wconf 89' lang='lat' dir='ltr'>quacunque</span> <span class='ocrx_word' id='word_1_140' title='bbox 2713 1551 2776 1598; x_wconf 93' lang='lat' dir='ltr'>de</span> <span class='ocrx_word' id='word_1_141' title='bbox 2812 1563 2986 1608; x_wconf 85' lang='lat' dir='ltr'>causa,</span> 
     </span>
     <span class='ocr_line' id='line_1_15' title="bbox 591 1631 2988 1698; baseline -0.003 -12"><span class='ocrx_word' id='word_1_142' title='bbox 591 1646 643 1686; x_wconf 88' lang='lat' dir='ltr'>et</span> <span class='ocrx_word' id='word_1_143' title='bbox 676 1652 787 1685; x_wconf 88' lang='lat' dir='ltr'>eam</span> <span class='ocrx_word' id='word_1_144' title='bbox 823 1637 1020 1698; x_wconf 86' lang='lat' dir='ltr'>integre</span> <span class='ocrx_word' id='word_1_145' title='bbox 1056 1636 1337 1694; x_wconf 83' lang='lat' dir='ltr'>restituam,</span> <span class='ocrx_word' id='word_1_146' title='bbox 1375 1644 1426 1682; x_wconf 85' lang='lat' dir='ltr'>ct</span> <span class='ocrx_word' id='word_1_147' title='bbox 1462 1635 1751 1696; x_wconf 88' lang='lat' dir='ltr'>assignabo,</span> <span class='ocrx_word' id='word_1_148' title='bbox 1791 1640 1945 1695; x_wconf 83' lang='lat' dir='ltr'>prout</span> <span class='ocrx_word' id='word_1_149' title='bbox 1979 1649 2011 1681; x_wconf 91' lang='lat' dir='ltr'>a</span> <span class='ocrx_word' id='word_1_150' title='bbox 2047 1632 2193 1681; x_wconf 86' lang='lat' dir='ltr'>vobis</span> <span class='ocrx_word' id='word_1_151' title='bbox 2230 1647 2468 1696; x_wconf 88' lang='lat' dir='ltr'>recepero</span> <span class='ocrx_word' id='word_1_152' title='bbox 2503 1635 2557 1683; x_wconf 90' lang='lat' dir='ltr'>iu</span> <span class='ocrx_word' id='word_1_153' title='bbox 2607 1635 2877 1683; x_wconf 87' lang='lat' dir='ltr'>mandatis.</span> <span class='ocrx_word' id='word_1_154' title='bbox 2913 1631 2988 1681; x_wconf 88' lang='lat' dir='ltr'>Et</span> 
     </span>
     <span class='ocr_line' id='line_1_16' title="bbox 593 1717 2986 1783; baseline -0.002 -14"><span class='ocrx_word' id='word_1_155' title='bbox 593 1735 744 1783; x_wconf 88' lang='lat' dir='ltr'>super</span> <span class='ocrx_word' id='word_1_156' title='bbox 777 1720 1036 1782; x_wconf 87' lang='lat' dir='ltr'>premissis</span> <span class='ocrx_word' id='word_1_157' title='bbox 1072 1720 1309 1768; x_wconf 89' lang='lat' dir='ltr'>omnibus</span> <span class='ocrx_word' id='word_1_158' title='bbox 1345 1727 1398 1767; x_wconf 91' lang='lat' dir='ltr'>et</span> <span class='ocrx_word' id='word_1_159' title='bbox 1432 1719 1645 1781; x_wconf 88' lang='lat' dir='ltr'>singulis</span> <span class='ocrx_word' id='word_1_160' title='bbox 1682 1717 1885 1781; x_wconf 88' lang='lat' dir='ltr'>plenam</span> <span class='ocrx_word' id='word_1_161' title='bbox 1922 1724 1973 1765; x_wconf 90' lang='lat' dir='ltr'>et</span> <span class='ocrx_word' id='word_1_162' title='bbox 2007 1717 2208 1765; x_wconf 86' lang='lat' dir='ltr'>fidelem</span> <span class='ocrx_word' id='word_1_163' title='bbox 2246 1718 2495 1768; x_wconf 88' lang='lat' dir='ltr'>rationem</span> <span class='ocrx_word' id='word_1_164' title='bbox 2553 1720 2764 1768; x_wconf 87' lang='lat' dir='ltr'>reddam</span> <span class='ocrx_word' id='word_1_165' title='bbox 2815 1717 2986 1776; x_wconf 85' lang='lat' dir='ltr'>vobis,</span> 
     </span>
     <span class='ocr_line' id='line_1_17' title="bbox 596 1801 2985 1866; baseline -0.002 -12"><span class='ocrx_word' id='word_1_166' title='bbox 596 1814 648 1854; x_wconf 92' lang='lat' dir='ltr'>et</span> <span class='ocrx_word' id='word_1_167' title='bbox 683 1807 722 1853; x_wconf 91' lang='lat' dir='ltr'>si</span> <span class='ocrx_word' id='word_1_168' title='bbox 761 1804 1027 1866; x_wconf 79' lang='lat' dir='ltr'>contingat</span> <span class='ocrx_word' id='word_1_169' title='bbox 1062 1820 1153 1853; x_wconf 88' lang='lat' dir='ltr'>vos</span> <span class='ocrx_word' id='word_1_170' title='bbox 1193 1804 1436 1860; x_wconf 84' lang='lat' dir='ltr'>officium,</span> <span class='ocrx_word' id='word_1_171' title='bbox 1473 1804 1607 1866; x_wconf 91' lang='lat' dir='ltr'>quod</span> <span class='ocrx_word' id='word_1_172' title='bbox 1643 1804 1694 1850; x_wconf 91' lang='lat' dir='ltr'>iu</span> <span class='ocrx_word' id='word_1_173' title='bbox 1756 1801 2012 1865; x_wconf 86' lang='lat' dir='ltr'>premissis</span> <span class='ocrx_word' id='word_1_174' title='bbox 2075 1801 2268 1863; x_wconf 84' lang='lat' dir='ltr'>geritis,</span> <span class='ocrx_word' id='word_1_175' title='bbox 2330 1804 2599 1864; x_wconf 87' lang='lat' dir='ltr'>dimittere,</span> <span class='ocrx_word' id='word_1_176' title='bbox 2652 1803 2749 1852; x_wconf 88' lang='lat' dir='ltr'>hec</span> <span class='ocrx_word' id='word_1_177' title='bbox 2803 1803 2985 1851; x_wconf 89' lang='lat' dir='ltr'>eadem</span> 
     </span>
     <span class='ocr_line' id='line_1_18' title="bbox 594 1886 2985 1951; baseline -0.002 -14"><span class='ocrx_word' id='word_1_178' title='bbox 594 1888 781 1937; x_wconf 82' lang='lat' dir='ltr'>faciam</span> <span class='ocrx_word' id='word_1_179' title='bbox 810 1888 965 1949; x_wconf 85' lang='lat' dir='ltr'>juxta</span> <span class='ocrx_word' id='word_1_180' title='bbox 1001 1891 1299 1937; x_wconf 90' lang='lat' dir='ltr'>mandatum</span> <span class='ocrx_word' id='word_1_181' title='bbox 1335 1889 1472 1936; x_wconf 88' lang='lat' dir='ltr'>illius</span> <span class='ocrx_word' id='word_1_182' title='bbox 1509 1889 1592 1951; x_wconf 89' lang='lat' dir='ltr'>qui</span> <span class='ocrx_word' id='word_1_183' title='bbox 1629 1887 1968 1937; x_wconf 87' lang='lat' dir='ltr'>substituetur</span> <span class='ocrx_word' id='word_1_184' title='bbox 2002 1887 2055 1935; x_wconf 91' lang='lat' dir='ltr'>in</span> <span class='ocrx_word' id='word_1_185' title='bbox 2092 1887 2273 1935; x_wconf 89' lang='lat' dir='ltr'>codem</span> <span class='ocrx_word' id='word_1_186' title='bbox 2311 1886 2500 1937; x_wconf 85' lang='lat' dir='ltr'>officio.</span> <span class='ocrx_word' id='word_1_187' title='bbox 2585 1887 2670 1937; x_wconf 90' lang='lat' dir='ltr'>Sic</span> <span class='ocrx_word' id='word_1_188' title='bbox 2723 1902 2806 1936; x_wconf 89' lang='lat' dir='ltr'>me</span> <span class='ocrx_word' id='word_1_189' title='bbox 2840 1887 2985 1935; x_wconf 91' lang='lat' dir='ltr'>Deus</span> 
     </span>
    </p>
   </div>
   <div class='ocr_carea' id='block_1_3' title="bbox 595 1970 2983 2108">
    <p class='ocr_par' dir='ltr' id='par_1_3' title="bbox 595 1970 2983 2108">
     <span class='ocr_line' id='line_1_19' title="bbox 595 1970 2983 2036; baseline -0.002 -14"><span class='ocrx_word' id='word_1_190' title='bbox 595 1971 819 2036; x_wconf 86' lang='lat' dir='ltr'>adjuvet,</span> <span class='ocrx_word' id='word_1_191' title='bbox 855 1981 908 2022; x_wconf 89' lang='lat' dir='ltr'>et</span> <span class='ocrx_word' id='word_1_192' title='bbox 940 1973 1036 2021; x_wconf 90' lang='lat' dir='ltr'>hec</span> <span class='ocrx_word' id='word_1_193' title='bbox 1072 1980 1251 2021; x_wconf 90' lang='lat' dir='ltr'>sancta</span> <span class='ocrx_word' id='word_1_194' title='bbox 1286 1973 1568 2035; x_wconf 89' lang='lat' dir='ltr'>euangelia.</span> <span class='ocrx_word' id='word_1_195' title='bbox 1609 1997 1671 2006; x_wconf 77' lang='lat'>-</span> <span class='ocrx_word' id='word_1_196' title='bbox 1707 1973 1904 2024; x_wconf 89' lang='lat' dir='ltr'>Datum</span> <span class='ocrx_word' id='word_1_197' title='bbox 1947 1974 2185 2036; x_wconf 83' lang='lat' dir='ltr'>Lugduni</span> <span class='ocrx_word' id='word_1_198' title='bbox 2223 1973 2423 2022; x_wconf 90' lang='lat' dir='ltr'>decimo</span> <span class='ocrx_word' id='word_1_199' title='bbox 2461 1973 2685 2021; x_wconf 89' lang='lat' dir='ltr'>secundo</span> <span class='ocrx_word' id='word_1_200' title='bbox 2712 1970 2983 2020; x_wconf 88' lang='lat' dir='ltr'>Kalendas</span> 
     </span>
     <span class='ocr_line' id='line_1_20' title="bbox 598 2055 1846 2108; baseline 0.001 -2"><span class='ocrx_word' id='word_1_201' title='bbox 598 2058 837 2108; x_wconf 85' lang='lat' dir='ltr'>Octobris</span> <span class='ocrx_word' id='word_1_202' title='bbox 872 2056 1211 2105; x_wconf 76' lang='lat' dir='ltr'>Pontificatus</span> <span class='ocrx_word' id='word_1_203' title='bbox 1249 2055 1424 2105; x_wconf 88' lang='lat' dir='ltr'>Nostri</span> <span class='ocrx_word' id='word_1_204' title='bbox 1461 2056 1616 2106; x_wconf 88' lang='lat' dir='ltr'>Anno</span> <span class='ocrx_word' id='word_1_205' title='bbox 1652 2058 1846 2107; x_wconf 87' lang='lat' dir='ltr'>Tertio.</span> 
     </span>
    </p>
   </div>
   <div class='ocr_carea' id='block_1_4' title="bbox 599 2137 2989 2239">
    <p class='ocr_par' dir='ltr' id='par_1_4' title="bbox 599 2137 2989 2239">
     <span class='ocr_line' id='line_1_21' title="bbox 599 2137 2989 2188; baseline -0.002 -9"><span class='ocrx_word' id='word_1_206' title='bbox 599 2143 721 2185; x_wconf 81' lang='lat' dir='ltr'>(Ener</span> <span class='ocrx_word' id='word_1_207' title='bbox 753 2141 1074 2188; x_wconf 53' lang='lat' dir='ltr'>erig-aegeum</span> <span class='ocrx_word' id='word_1_208' title='bbox 1102 2139 1113 2177; x_wconf 87' lang='lat' dir='ltr'>i</span> <span class='ocrx_word' id='word_1_209' title='bbox 1144 2139 1205 2177; x_wconf 79' lang='lat' dir='ltr'>det</span> <span class='ocrx_word' id='word_1_210' title='bbox 1231 2151 1314 2186; x_wconf 72' lang='grc' dir='ltr'><strong>μιν.</strong></span> <span class='ocrx_word' id='word_1_211' title='bbox 1349 2139 1508 2185; x_wconf 54' lang='lat' dir='ltr'>Archiv,</span> <span class='ocrx_word' id='word_1_212' title='bbox 1539 2151 1655 2186; x_wconf 76' lang='lat' dir='ltr'>ogsaa</span> <span class='ocrx_word' id='word_1_213' title='bbox 1687 2141 1826 2187; x_wconf 78' lang='lat' dir='ltr'>anrykt</span> <span class='ocrx_word' id='word_1_214' title='bbox 1851 2142 1862 2178; x_wconf 91' lang='lat' dir='ltr'>i</span> <span class='ocrx_word' id='word_1_215' title='bbox 1891 2142 2024 2178; x_wconf 80' lang='lat' dir='ltr'>Suhms</span> <span class='ocrx_word' id='word_1_216' title='bbox 2054 2141 2209 2179; x_wconf 78' lang='lat' dir='ltr'>ilistorie</span> <span class='ocrx_word' id='word_1_217' title='bbox 2239 2140 2283 2177; x_wconf 78' lang='lat' dir='ltr'>af</span> <span class='ocrx_word' id='word_1_218' title='bbox 2322 2139 2529 2184; x_wconf 75' lang='lat' dir='ltr'>Dsumark,</span> <span class='ocrx_word' id='word_1_219' title='bbox 2579 2139 2619 2178; x_wconf 85' lang='lat' dir='ltr'>S.</span> <span class='ocrx_word' id='word_1_220' title='bbox 2672 2137 2766 2175; x_wconf 87' lang='lat'>1005</span> <span class='ocrx_word' id='word_1_221' title='bbox 2837 2137 2989 2184; x_wconf 77' lang='lat' dir='ltr'>Ligcly-</span> 
     </span>
     <span class='ocr_line' id='line_1_22' title="bbox 755 2190 2830 2239; baseline -0.002 -10"><span class='ocrx_word' id='word_1_222' title='bbox 755 2191 880 2229; x_wconf 81' lang='lat' dir='ltr'>dende</span> <span class='ocrx_word' id='word_1_223' title='bbox 908 2192 1025 2228; x_wconf 76' lang='lat' dir='ltr'>Breve</span> <span class='ocrx_word' id='word_1_224' title='bbox 1054 2190 1138 2228; x_wconf 85' lang='lat' dir='ltr'>med</span> <span class='ocrx_word' id='word_1_225' title='bbox 1170 2191 1350 2236; x_wconf 73' lang='lat' dir='ltr'>tehnrige</span> <span class='ocrx_word' id='word_1_226' title='bbox 1378 2190 1675 2229; x_wconf 78' lang='lat' dir='ltr'>Modilicationer</span> <span class='ocrx_word' id='word_1_227' title='bbox 1703 2192 1822 2229; x_wconf 80' lang='lat' dir='ltr'>nudes</span> <span class='ocrx_word' id='word_1_228' title='bbox 1849 2203 1970 2239; x_wconf 74' lang='lat' dir='ltr'>ogsua</span> <span class='ocrx_word' id='word_1_229' title='bbox 1998 2191 2250 2239; x_wconf 80' lang='lat' dir='ltr'>udferdigede</span> <span class='ocrx_word' id='word_1_230' title='bbox 2280 2192 2317 2228; x_wconf 82' lang='lat' dir='ltr'>til</span> <span class='ocrx_word' id='word_1_231' title='bbox 2349 2190 2396 2228; x_wconf 88' lang='lat' dir='ltr'>dc</span> <span class='ocrx_word' id='word_1_232' title='bbox 2423 2192 2555 2237; x_wconf 73' lang='lat' dir='ltr'>avrige</span> <span class='ocrx_word' id='word_1_233' title='bbox 2582 2190 2830 2227; x_wconf 76' lang='lat' dir='ltr'>collectorer.</span> 
     </span>
    </p>
   </div>
   <div class='ocr_carea' id='block_1_5' title="bbox 1431 2431 2163 2507">
    <p class='ocr_par' dir='ltr' id='par_1_5' title="bbox 1431 2431 2163 2507">
     <span class='ocr_line' id='line_1_23' title="bbox 1431 2431 2163 2507; baseline 0.003 -20"><span class='ocrx_word' id='word_1_234' title='bbox 1431 2432 1484 2487; x_wconf 89' lang='lat'>3.</span> <span class='ocrx_word' id='word_1_235' title='bbox 1581 2432 1758 2489; x_wconf 82' lang='lat'>1275.</span> <span class='ocrx_word' id='word_1_236' title='bbox 1835 2432 1930 2489; x_wconf 86' lang='lat' dir='ltr'>5te</span> <span class='ocrx_word' id='word_1_237' title='bbox 1974 2431 2163 2507; x_wconf 83' lang='lat' dir='ltr'>April.</span> 
     </span>
    </p>
   </div>
   <div class='ocr_carea' id='block_1_6' title="bbox 603 2543 3019 4716">
    <p class='ocr_par' dir='ltr' id='par_1_6' title="bbox 603 2543 3019 4716">
     <span class='ocr_line' id='line_1_24' title="bbox 739 2543 2993 2608; baseline -0.001 -14"><span class='ocrx_word' id='word_1_238' title='bbox 739 2544 1016 2607; x_wconf 87' lang='lat' dir='ltr'>Gregorius</span> <span class='ocrx_word' id='word_1_239' title='bbox 1053 2547 1321 2608; x_wconf 90' lang='lat' dir='ltr'>episcopus</span> <span class='ocrx_word' id='word_1_240' title='bbox 1357 2560 1537 2594; x_wconf 85' lang='lat' dir='ltr'>seruus</span> <span class='ocrx_word' id='word_1_241' title='bbox 1573 2562 1836 2596; x_wconf 86' lang='lat' dir='ltr'>seruorum</span> <span class='ocrx_word' id='word_1_242' title='bbox 1874 2547 1954 2595; x_wconf 86' lang='lat' dir='ltr'>dei</span> <span class='ocrx_word' id='word_1_243' title='bbox 1991 2547 2190 2595; x_wconf 90' lang='lat' dir='ltr'>dilectis</span> <span class='ocrx_word' id='word_1_244' title='bbox 2242 2546 2361 2594; x_wconf 91' lang='lat' dir='ltr'>filiis</span> <span class='ocrx_word' id='word_1_245' title='bbox 2416 2546 2662 2593; x_wconf 85' lang='lat' dir='ltr'>vniuersis</span> <span class='ocrx_word' id='word_1_246' title='bbox 2721 2543 2993 2592; x_wconf 90' lang='lat' dir='ltr'>abbatibus</span> 
     </span>
     <span class='ocr_line' id='line_1_25' title="bbox 603 2626 2995 2695; baseline -0.001 -17"><span class='ocrx_word' id='word_1_247' title='bbox 603 2644 664 2678; x_wconf 93' lang='lat' dir='ltr'>ac</span> <span class='ocrx_word' id='word_1_248' title='bbox 700 2629 971 2678; x_wconf 86' lang='lat' dir='ltr'>abbatissis</span> <span class='ocrx_word' id='word_1_249' title='bbox 1008 2636 1058 2677; x_wconf 88' lang='lat' dir='ltr'>et</span> <span class='ocrx_word' id='word_1_250' title='bbox 1092 2629 1427 2677; x_wconf 88' lang='lat' dir='ltr'>conuentibus</span> <span class='ocrx_word' id='word_1_251' title='bbox 1466 2631 1658 2679; x_wconf 90' lang='lat' dir='ltr'>ordinis</span> <span class='ocrx_word' id='word_1_252' title='bbox 1697 2631 2053 2682; x_wconf 76' lang='lat' dir='ltr'>cisterciensis</span> <span class='ocrx_word' id='word_1_253' title='bbox 2091 2638 2194 2679; x_wconf 87' lang='lat' dir='ltr'>tam</span> <span class='ocrx_word' id='word_1_254' title='bbox 2232 2630 2550 2695; x_wconf 88' lang='lat' dir='ltr'>presentibus</span> <span class='ocrx_word' id='word_1_255' title='bbox 2604 2644 2754 2693; x_wconf 89' lang='lat' dir='ltr'>quam</span> <span class='ocrx_word' id='word_1_256' title='bbox 2809 2626 2995 2676; x_wconf 84' lang='lat' dir='ltr'>futuris</span> 
     </span>
     <span class='ocr_line' id='line_1_26' title="bbox 604 2714 2995 2779; baseline -0 -17"><span class='ocrx_word' id='word_1_257' title='bbox 604 2716 657 2763; x_wconf 90' lang='lat' dir='ltr'>in</span> <span class='ocrx_word' id='word_1_258' title='bbox 693 2727 973 2778; x_wconf 87' lang='lat' dir='ltr'>perpetum.</span> <span class='ocrx_word' id='word_1_259' title='bbox 1045 2714 1117 2763; x_wconf 86' lang='lat' dir='ltr'>Ju</span> <span class='ocrx_word' id='word_1_260' title='bbox 1152 2715 1341 2763; x_wconf 90' lang='lat' dir='ltr'>uestitu</span> <span class='ocrx_word' id='word_1_261' title='bbox 1379 2716 1625 2765; x_wconf 89' lang='lat' dir='ltr'>deaurato</span> <span class='ocrx_word' id='word_1_262' title='bbox 1662 2717 1877 2764; x_wconf 89' lang='lat' dir='ltr'>ecclesie</span> <span class='ocrx_word' id='word_1_263' title='bbox 1915 2731 2099 2779; x_wconf 88' lang='lat' dir='ltr'>sponse</span> <span class='ocrx_word' id='word_1_264' title='bbox 2127 2716 2333 2775; x_wconf 88' lang='lat' dir='ltr'>Christi,</span> <span class='ocrx_word' id='word_1_265' title='bbox 2360 2732 2457 2778; x_wconf 88' lang='lat' dir='ltr'>que</span> <span class='ocrx_word' id='word_1_266' title='bbox 2493 2716 2745 2764; x_wconf 90' lang='lat' dir='ltr'>uarietate</span> <span class='ocrx_word' id='word_1_267' title='bbox 2781 2714 2995 2762; x_wconf 90' lang='lat' dir='ltr'>circum-</span> 
     </span>
     <span class='ocr_line' id='line_1_27' title="bbox 606 2798 2998 2862; baseline -0.001 -14"><span class='ocrx_word' id='word_1_268' title='bbox 606 2801 728 2848; x_wconf 89' lang='lat' dir='ltr'>data</span> <span class='ocrx_word' id='word_1_269' title='bbox 764 2814 954 2861; x_wconf 90' lang='lat' dir='ltr'>sponso</span> <span class='ocrx_word' id='word_1_270' title='bbox 991 2813 1084 2847; x_wconf 91' lang='lat' dir='ltr'>suo</span> <span class='ocrx_word' id='word_1_271' title='bbox 1120 2799 1357 2862; x_wconf 89' lang='lat' dir='ltr'>speciosa</span> <span class='ocrx_word' id='word_1_272' title='bbox 1392 2798 1557 2847; x_wconf 83' lang='lat' dir='ltr'>forma</span> <span class='ocrx_word' id='word_1_273' title='bbox 1592 2815 1677 2862; x_wconf 87' lang='lat' dir='ltr'>pre</span> <span class='ocrx_word' id='word_1_274' title='bbox 1716 2802 1830 2849; x_wconf 81' lang='lat' dir='ltr'>nliis</span> <span class='ocrx_word' id='word_1_275' title='bbox 1870 2802 2130 2850; x_wconf 87' lang='lat' dir='ltr'>hominum</span> <span class='ocrx_word' id='word_1_276' title='bbox 2166 2799 2482 2849; x_wconf 88' lang='lat' dir='ltr'>iuuariabilis</span> <span class='ocrx_word' id='word_1_277' title='bbox 2537 2799 2828 2862; x_wconf 87' lang='lat' dir='ltr'>integritate</span> <span class='ocrx_word' id='word_1_278' title='bbox 2880 2798 2998 2846; x_wconf 89' lang='lat' dir='ltr'>fidei</span> 
     </span>
     <span class='ocr_line' id='line_1_28' title="bbox 606 2883 2999 2946; baseline -0 -14"><span class='ocrx_word' id='word_1_279' title='bbox 606 2893 659 2932; x_wconf 90' lang='lat' dir='ltr'>et</span> <span class='ocrx_word' id='word_1_280' title='bbox 695 2884 954 2932; x_wconf 81' lang='lat' dir='ltr'>soliditate</span> <span class='ocrx_word' id='word_1_281' title='bbox 991 2884 1114 2945; x_wconf 88' lang='lat' dir='ltr'>spei,</span> <span class='ocrx_word' id='word_1_282' title='bbox 1152 2899 1183 2931; x_wconf 92' lang='lat' dir='ltr'>a</span> <span class='ocrx_word' id='word_1_283' title='bbox 1242 2884 1436 2931; x_wconf 80' lang='lat' dir='ltr'>dextris</span> <span class='ocrx_word' id='word_1_284' title='bbox 1497 2886 1709 2943; x_wconf 87' lang='lat' dir='ltr'>assistit,</span> <span class='ocrx_word' id='word_1_285' title='bbox 1770 2885 2107 2934; x_wconf 87' lang='lat' dir='ltr'>cisterciensis</span> <span class='ocrx_word' id='word_1_286' title='bbox 2146 2885 2288 2942; x_wconf 89' lang='lat' dir='ltr'>ordo,</span> <span class='ocrx_word' id='word_1_287' title='bbox 2327 2885 2510 2933; x_wconf 90' lang='lat' dir='ltr'>diuinis</span> <span class='ocrx_word' id='word_1_288' title='bbox 2547 2885 2870 2946; x_wconf 88' lang='lat' dir='ltr'>mancipatus</span> <span class='ocrx_word' id='word_1_289' title='bbox 2909 2883 2999 2931; x_wconf 94' lang='lat' dir='ltr'>ob-</span> 
     </span>
     <span class='ocr_line' id='line_1_29' title="bbox 608 2966 2998 3031; baseline -0.001 -15"><span class='ocrx_word' id='word_1_290' title='bbox 608 2967 810 3030; x_wconf 89' lang='lat' dir='ltr'>sequiis,</span> <span class='ocrx_word' id='word_1_291' title='bbox 870 2975 922 3015; x_wconf 89' lang='lat' dir='ltr'>et</span> <span class='ocrx_word' id='word_1_292' title='bbox 970 2968 1104 3015; x_wconf 89' lang='lat' dir='ltr'>inter</span> <span class='ocrx_word' id='word_1_293' title='bbox 1155 2966 1427 3029; x_wconf 89' lang='lat' dir='ltr'>religiones</span> <span class='ocrx_word' id='word_1_294' title='bbox 1488 2977 1684 3017; x_wconf 88' lang='lat' dir='ltr'>ceteras</span> <span class='ocrx_word' id='word_1_295' title='bbox 1755 2970 1980 3031; x_wconf 75' lang='lat' dir='ltr'>gloriose</span> <span class='ocrx_word' id='word_1_296' title='bbox 2041 2969 2221 3031; x_wconf 88' lang='lat' dir='ltr'>virgini</span> <span class='ocrx_word' id='word_1_297' title='bbox 2280 2968 2640 3030; x_wconf 86' lang='lat' dir='ltr'>singularitate</span> <span class='ocrx_word' id='word_1_298' title='bbox 2696 2967 2998 3015; x_wconf 89' lang='lat' dir='ltr'>deuocionis</span> 
     </span>
     <span class='ocr_line' id='line_1_30' title="bbox 608 3050 2999 3116; baseline -0 -16"><span class='ocrx_word' id='word_1_299' title='bbox 608 3053 860 3114; x_wconf 87' lang='lat' dir='ltr'>ascriptus</span> <span class='ocrx_word' id='word_1_300' title='bbox 897 3066 964 3099; x_wconf 87' lang='lat' dir='ltr'>ex</span> <span class='ocrx_word' id='word_1_301' title='bbox 998 3050 1320 3100; x_wconf 87' lang='lat' dir='ltr'>institutione</span> <span class='ocrx_word' id='word_1_302' title='bbox 1355 3052 1610 3114; x_wconf 88' lang='lat' dir='ltr'>primaria,</span> <span class='ocrx_word' id='word_1_303' title='bbox 1647 3061 1698 3101; x_wconf 88' lang='lat' dir='ltr'>et</span> <span class='ocrx_word' id='word_1_304' title='bbox 1751 3053 2103 3116; x_wconf 86' lang='lat' dir='ltr'>professorum</span> <span class='ocrx_word' id='word_1_305' title='bbox 2139 3053 2313 3115; x_wconf 91' lang='lat' dir='ltr'>ipsius,</span> <span class='ocrx_word' id='word_1_306' title='bbox 2352 3060 2596 3116; x_wconf 90' lang='lat' dir='ltr'>quantum</span> <span class='ocrx_word' id='word_1_307' title='bbox 2633 3065 2699 3099; x_wconf 85' lang='lat' dir='ltr'>ex</span> <span class='ocrx_word' id='word_1_308' title='bbox 2735 3051 2841 3100; x_wconf 88' lang='lat' dir='ltr'>alto</span> <span class='ocrx_word' id='word_1_309' title='bbox 2878 3066 2999 3100; x_wconf 90' lang='lat' dir='ltr'>con-</span> 
     </span>
     <span class='ocr_line' id='line_1_31' title="bbox 608 3135 3002 3199; baseline 0 -16"><span class='ocrx_word' id='word_1_310' title='bbox 608 3137 820 3196; x_wconf 87' lang='lat' dir='ltr'>ceditur,</span> <span class='ocrx_word' id='word_1_311' title='bbox 855 3136 1227 3199; x_wconf 88' lang='lat' dir='ltr'>prosecutionis</span> <span class='ocrx_word' id='word_1_312' title='bbox 1263 3135 1517 3184; x_wconf 87' lang='lat' dir='ltr'>instancia</span> <span class='ocrx_word' id='word_1_313' title='bbox 1554 3138 1731 3185; x_wconf 85' lang='lat' dir='ltr'>rutilat</span> <span class='ocrx_word' id='word_1_314' title='bbox 1765 3137 1997 3198; x_wconf 88' lang='lat' dir='ltr'>caritate,</span> <span class='ocrx_word' id='word_1_315' title='bbox 2035 3138 2221 3186; x_wconf 89' lang='lat' dir='ltr'>caudet</span> <span class='ocrx_word' id='word_1_316' title='bbox 2273 3136 2576 3185; x_wconf 88' lang='lat' dir='ltr'>castimonia</span> <span class='ocrx_word' id='word_1_317' title='bbox 2634 3145 2685 3184; x_wconf 90' lang='lat' dir='ltr'>et</span> <span class='ocrx_word' id='word_1_318' title='bbox 2723 3135 3002 3199; x_wconf 89' lang='lat' dir='ltr'>pulchritu-</span> 
     </span>
     <span class='ocr_line' id='line_1_32' title="bbox 612 3219 3003 3283; baseline -0 -14"><span class='ocrx_word' id='word_1_319' title='bbox 612 3221 728 3270; x_wconf 91' lang='lat' dir='ltr'>dine</span> <span class='ocrx_word' id='word_1_320' title='bbox 764 3219 1170 3269; x_wconf 85' lang='lat' dir='ltr'>conuersationis</span> <span class='ocrx_word' id='word_1_321' title='bbox 1206 3220 1386 3268; x_wconf 84' lang='lat' dir='ltr'>elucet.</span> <span class='ocrx_word' id='word_1_322' title='bbox 1480 3220 1648 3283; x_wconf 89' lang='lat' dir='ltr'>Hujus</span> <span class='ocrx_word' id='word_1_323' title='bbox 1703 3221 1895 3271; x_wconf 89' lang='lat' dir='ltr'>ordinis</span> <span class='ocrx_word' id='word_1_324' title='bbox 1948 3222 2149 3271; x_wconf 90' lang='lat' dir='ltr'>candidi</span> <span class='ocrx_word' id='word_1_325' title='bbox 2185 3219 2418 3269; x_wconf 88' lang='lat' dir='ltr'>Nazarei.</span> <span class='ocrx_word' id='word_1_326' title='bbox 2452 3220 2574 3268; x_wconf 89' lang='lat' dir='ltr'>dicti</span> <span class='ocrx_word' id='word_1_327' title='bbox 2610 3219 2850 3269; x_wconf 83' lang='lat' dir='ltr'>videlicet</span> <span class='ocrx_word' id='word_1_328' title='bbox 2883 3235 3003 3283; x_wconf 89' lang='lat' dir='ltr'>pro-</span> 
     </span>
     <span class='ocr_line' id='line_1_33' title="bbox 611 3303 3004 3367; baseline -0 -13"><span class='ocrx_word' id='word_1_329' title='bbox 611 3305 831 3354; x_wconf 87' lang='lat' dir='ltr'>fessores</span> <span class='ocrx_word' id='word_1_330' title='bbox 868 3305 1092 3353; x_wconf 87' lang='lat' dir='ltr'>eiusdem</span> <span class='ocrx_word' id='word_1_331' title='bbox 1129 3304 1222 3352; x_wconf 90' lang='lat' dir='ltr'>sub</span> <span class='ocrx_word' id='word_1_332' title='bbox 1260 3312 1367 3352; x_wconf 86' lang='lat' dir='ltr'>arte</span> <span class='ocrx_word' id='word_1_333' title='bbox 1404 3303 1727 3354; x_wconf 88' lang='lat' dir='ltr'>obseruantie</span> <span class='ocrx_word' id='word_1_334' title='bbox 1765 3306 2087 3354; x_wconf 87' lang='lat' dir='ltr'>districtione</span> <span class='ocrx_word' id='word_1_335' title='bbox 2123 3306 2368 3353; x_wconf 85' lang='lat' dir='ltr'>viueutes.</span> <span class='ocrx_word' id='word_1_336' title='bbox 2405 3306 2458 3353; x_wconf 90' lang='lat' dir='ltr'>iu</span> <span class='ocrx_word' id='word_1_337' title='bbox 2494 3313 2774 3367; x_wconf 89' lang='lat' dir='ltr'>conspectu</span> <span class='ocrx_word' id='word_1_338' title='bbox 2822 3319 3004 3354; x_wconf 91' lang='lat' dir='ltr'>eorun-</span> 
     </span>
     <span class='ocr_line' id='line_1_34' title="bbox 614 3388 3005 3451; baseline 0 -15"><span class='ocrx_word' id='word_1_339' title='bbox 614 3390 729 3438; x_wconf 90' lang='lat' dir='ltr'>dem</span> <span class='ocrx_word' id='word_1_340' title='bbox 765 3388 900 3450; x_wconf 90' lang='lat' dir='ltr'>regis</span> <span class='ocrx_word' id='word_1_341' title='bbox 944 3402 1122 3449; x_wconf 89' lang='lat' dir='ltr'>regum</span> <span class='ocrx_word' id='word_1_342' title='bbox 1173 3397 1225 3435; x_wconf 93' lang='lat' dir='ltr'>et</span> <span class='ocrx_word' id='word_1_343' title='bbox 1275 3388 1470 3450; x_wconf 85' lang='lat' dir='ltr'>Regiue</span> <span class='ocrx_word' id='word_1_344' title='bbox 1523 3389 1723 3437; x_wconf 85' lang='lat' dir='ltr'>celestis</span> <span class='ocrx_word' id='word_1_345' title='bbox 1785 3389 1984 3451; x_wconf 88' lang='lat' dir='ltr'>phialas</span> <span class='ocrx_word' id='word_1_346' title='bbox 2041 3391 2488 3438; x_wconf 87' lang='lat' dir='ltr'>odoramentorem</span> <span class='ocrx_word' id='word_1_347' title='bbox 2540 3388 2717 3450; x_wconf 89' lang='lat' dir='ltr'>plenas</span> <span class='ocrx_word' id='word_1_348' title='bbox 2769 3389 2823 3437; x_wconf 90' lang='lat' dir='ltr'>iu</span> <span class='ocrx_word' id='word_1_349' title='bbox 2882 3403 3005 3437; x_wconf 88' lang='lat' dir='ltr'>ora-</span> 
     </span>
     <span class='ocr_line' id='line_1_35' title="bbox 615 3472 3006 3537; baseline -0.001 -15"><span class='ocrx_word' id='word_1_350' title='bbox 615 3474 813 3522; x_wconf 89' lang='lat' dir='ltr'>tionum</span> <span class='ocrx_word' id='word_1_351' title='bbox 849 3474 1151 3521; x_wconf 86' lang='lat' dir='ltr'>assiduitate</span> <span class='ocrx_word' id='word_1_352' title='bbox 1187 3479 1486 3535; x_wconf 84' lang='lat' dir='ltr'>presentant</span> <span class='ocrx_word' id='word_1_353' title='bbox 1518 3472 1850 3536; x_wconf 88' lang='lat' dir='ltr'>beneplacitis</span> <span class='ocrx_word' id='word_1_354' title='bbox 1885 3474 2091 3523; x_wconf 89' lang='lat' dir='ltr'>illorum</span> <span class='ocrx_word' id='word_1_355' title='bbox 2127 3488 2217 3537; x_wconf 88' lang='lat' dir='ltr'>per</span> <span class='ocrx_word' id='word_1_356' title='bbox 2252 3488 2408 3536; x_wconf 89' lang='lat' dir='ltr'>opera</span> <span class='ocrx_word' id='word_1_357' title='bbox 2443 3473 2649 3535; x_wconf 88' lang='lat' dir='ltr'>pietatis</span> <span class='ocrx_word' id='word_1_358' title='bbox 2704 3473 3006 3523; x_wconf 86' lang='lat' dir='ltr'>inseruiuut.</span> 
     </span>
     <span class='ocr_line' id='line_1_36' title="bbox 617 3556 3007 3621; baseline 0 -15"><span class='ocrx_word' id='word_1_359' title='bbox 617 3564 670 3606; x_wconf 86' lang='lat' dir='ltr'>et</span> <span class='ocrx_word' id='word_1_360' title='bbox 705 3558 777 3605; x_wconf 89' lang='lat' dir='ltr'>sic</span> <span class='ocrx_word' id='word_1_361' title='bbox 812 3556 1219 3618; x_wconf 86' lang='lat' dir='ltr'>hospitalitatem</span> <span class='ocrx_word' id='word_1_362' title='bbox 1269 3557 1562 3605; x_wconf 90' lang='lat' dir='ltr'>obseruaut.</span> <span class='ocrx_word' id='word_1_363' title='bbox 1622 3559 1759 3619; x_wconf 92' lang='lat' dir='ltr'>quod</span> <span class='ocrx_word' id='word_1_364' title='bbox 1816 3557 1908 3619; x_wconf 90' lang='lat' dir='ltr'>sibj</span> <span class='ocrx_word' id='word_1_365' title='bbox 1965 3573 2231 3621; x_wconf 82' lang='lat' dir='ltr'>paupereS,</span> <span class='ocrx_word' id='word_1_366' title='bbox 2289 3557 2598 3620; x_wconf 85' lang='lat' dir='ltr'>pauperibus</span> <span class='ocrx_word' id='word_1_367' title='bbox 2652 3556 2854 3618; x_wconf 81' lang='lat' dir='ltr'>diuiteS‚</span> <span class='ocrx_word' id='word_1_368' title='bbox 2903 3557 3007 3607; x_wconf 90' lang='lat' dir='ltr'>illis</span> 
     </span>
     <span class='ocr_line' id='line_1_37' title="bbox 617 3639 3009 3705; baseline 0.001 -16"><span class='ocrx_word' id='word_1_369' title='bbox 617 3640 856 3689; x_wconf 89' lang='lat' dir='ltr'>munifici.</span> <span class='ocrx_word' id='word_1_370' title='bbox 894 3639 990 3688; x_wconf 90' lang='lat' dir='ltr'>sibi</span> <span class='ocrx_word' id='word_1_371' title='bbox 1026 3641 1182 3703; x_wconf 86' lang='lat' dir='ltr'>parci.</span> <span class='ocrx_word' id='word_1_372' title='bbox 1220 3641 1482 3690; x_wconf 88' lang='lat' dir='ltr'>laboribus</span> <span class='ocrx_word' id='word_1_373' title='bbox 1534 3656 1637 3690; x_wconf 94' lang='lat' dir='ltr'>nou</span> <span class='ocrx_word' id='word_1_374' title='bbox 1690 3648 1911 3704; x_wconf 88' lang='lat' dir='ltr'>parcunt</span> <span class='ocrx_word' id='word_1_375' title='bbox 1962 3641 2202 3705; x_wconf 78' lang='lat' dir='ltr'>proprijS.</span> <span class='ocrx_word' id='word_1_376' title='bbox 2257 3642 2346 3690; x_wconf 90' lang='lat' dir='ltr'>sed</span> <span class='ocrx_word' id='word_1_377' title='bbox 2400 3642 2540 3690; x_wconf 90' lang='lat' dir='ltr'>uictu</span> <span class='ocrx_word' id='word_1_378' title='bbox 2596 3643 2650 3689; x_wconf 87' lang='lat' dir='ltr'>iu</span> <span class='ocrx_word' id='word_1_379' title='bbox 2702 3642 2779 3691; x_wconf 87' lang='lat' dir='ltr'>sui</span> <span class='ocrx_word' id='word_1_380' title='bbox 2837 3640 3009 3691; x_wconf 86' lang='lat' dir='ltr'>uultus</span> 
     </span>
     <span class='ocr_line' id='line_1_38' title="bbox 620 3725 3010 3789; baseline 0 -16"><span class='ocrx_word' id='word_1_381' title='bbox 620 3725 806 3774; x_wconf 86' lang='lat' dir='ltr'>sudore</span> <span class='ocrx_word' id='word_1_382' title='bbox 842 3725 1041 3786; x_wconf 85' lang='lat' dir='ltr'>quesito</span> <span class='ocrx_word' id='word_1_383' title='bbox 1079 3738 1133 3772; x_wconf 84' lang='lat' dir='ltr'>se</span> <span class='ocrx_word' id='word_1_384' title='bbox 1169 3731 1346 3774; x_wconf 90' lang='lat' dir='ltr'>tenues</span> <span class='ocrx_word' id='word_1_385' title='bbox 1382 3726 1640 3786; x_wconf 87' lang='lat' dir='ltr'>exhibent,</span> <span class='ocrx_word' id='word_1_386' title='bbox 1692 3725 1795 3774; x_wconf 88' lang='lat' dir='ltr'>illis</span> <span class='ocrx_word' id='word_1_387' title='bbox 1849 3725 2155 3774; x_wconf 87' lang='lat' dir='ltr'>subueniunt</span> <span class='ocrx_word' id='word_1_388' title='bbox 2205 3726 2574 3775; x_wconf 89' lang='lat' dir='ltr'>habundanter.</span> <span class='ocrx_word' id='word_1_389' title='bbox 2658 3725 2770 3774; x_wconf 90' lang='lat' dir='ltr'>Hec</span> <span class='ocrx_word' id='word_1_390' title='bbox 2806 3725 3010 3789; x_wconf 91' lang='lat' dir='ltr'>quidem</span> 
     </span>
     <span class='ocr_line' id='line_1_39' title="bbox 620 3805 3007 3873; baseline 0 -16"><span class='ocrx_word' id='word_1_391' title='bbox 620 3808 768 3857; x_wconf 91' lang='lat' dir='ltr'>uobis</span> <span class='ocrx_word' id='word_1_392' title='bbox 804 3805 1033 3857; x_wconf 84' lang='lat' dir='ltr'>fauorem</span> <span class='ocrx_word' id='word_1_393' title='bbox 1069 3809 1293 3857; x_wconf 90' lang='lat' dir='ltr'>omnium</span> <span class='ocrx_word' id='word_1_394' title='bbox 1330 3809 1620 3868; x_wconf 85' lang='lat' dir='ltr'>uendicant‚</span> <span class='ocrx_word' id='word_1_395' title='bbox 1655 3810 1750 3858; x_wconf 90' lang='lat' dir='ltr'>hec</span> <span class='ocrx_word' id='word_1_396' title='bbox 1804 3824 1896 3857; x_wconf 92' lang='lat' dir='ltr'>uos</span> <span class='ocrx_word' id='word_1_397' title='bbox 1933 3808 2262 3858; x_wconf 54' lang='lat' dir='ltr'>fauorabile&amp;</span> <span class='ocrx_word' id='word_1_398' title='bbox 2300 3819 2441 3858; x_wconf 89' lang='lat' dir='ltr'>recto</span> <span class='ocrx_word' id='word_1_399' title='bbox 2477 3810 2752 3859; x_wconf 88' lang='lat' dir='ltr'>cuiuslibet</span> <span class='ocrx_word' id='word_1_400' title='bbox 2787 3811 3007 3873; x_wconf 87' lang='lat' dir='ltr'>pectoris</span> 
     </span>
     <span class='ocr_line' id='line_1_40' title="bbox 619 3892 3003 3957; baseline 0.001 -17"><span class='ocrx_word' id='word_1_401' title='bbox 619 3892 688 3956; x_wconf 92' lang='lat' dir='ltr'>pij</span> <span class='ocrx_word' id='word_1_402' title='bbox 728 3892 916 3941; x_wconf 91' lang='lat' dir='ltr'>iudicio</span> <span class='ocrx_word' id='word_1_403' title='bbox 952 3900 1314 3954; x_wconf 87' lang='lat' dir='ltr'>representaut.</span> <span class='ocrx_word' id='word_1_404' title='bbox 1385 3893 1530 3943; x_wconf 86' lang='lat' dir='ltr'>Solet</span> <span class='ocrx_word' id='word_1_405' title='bbox 1566 3895 1699 3942; x_wconf 89' lang='lat' dir='ltr'>cuim</span> <span class='ocrx_word' id='word_1_406' title='bbox 1734 3908 1916 3954; x_wconf 89' lang='lat' dir='ltr'>regum</span> <span class='ocrx_word' id='word_1_407' title='bbox 1953 3900 2002 3941; x_wconf 91' lang='lat' dir='ltr'>et</span> <span class='ocrx_word' id='word_1_408' title='bbox 2037 3893 2323 3957; x_wconf 90' lang='lat' dir='ltr'>principum</span> <span class='ocrx_word' id='word_1_409' title='bbox 2357 3893 2673 3956; x_wconf 89' lang='lat' dir='ltr'>aliorumque</span> <span class='ocrx_word' id='word_1_410' title='bbox 2700 3901 3003 3956; x_wconf 79' lang='lat' dir='ltr'>magnatum</span> 
     </span>
     <span class='ocr_line' id='line_1_41' title="bbox 622 3974 3013 4042; baseline 0 -17"><span class='ocrx_word' id='word_1_411' title='bbox 622 3976 956 4025; x_wconf 78' lang='lat' dir='ltr'>familiaribus</span> <span class='ocrx_word' id='word_1_412' title='bbox 990 3976 1220 4039; x_wconf 91' lang='lat' dir='ltr'>ipsorum</span> <span class='ocrx_word' id='word_1_413' title='bbox 1254 3978 1696 4041; x_wconf 89' lang='lat' dir='ltr'>contemplacione</span> <span class='ocrx_word' id='word_1_414' title='bbox 1732 3976 1931 4026; x_wconf 84' lang='lat' dir='ltr'>deferri.</span> <span class='ocrx_word' id='word_1_415' title='bbox 2004 3974 2213 4036; x_wconf 84' lang='lat' dir='ltr'>Quanto</span> <span class='ocrx_word' id='word_1_416' title='bbox 2250 3977 2421 4040; x_wconf 89' lang='lat' dir='ltr'>itaque</span> <span class='ocrx_word' id='word_1_417' title='bbox 2456 3977 2677 4041; x_wconf 82' lang='lat' dir='ltr'>amplius</span> <span class='ocrx_word' id='word_1_418' title='bbox 2713 3985 2819 4027; x_wconf 85' lang='lat' dir='ltr'>tam</span> <span class='ocrx_word' id='word_1_419' title='bbox 2861 3992 3013 4042; x_wconf 87' lang='lat' dir='ltr'>pecu-</span> 
     </span>
     <span class='ocr_line' id='line_1_42' title="bbox 624 4060 3014 4125; baseline 0.001 -16"><span class='ocrx_word' id='word_1_420' title='bbox 624 4061 835 4110; x_wconf 89' lang='lat' dir='ltr'>liaribus</span> <span class='ocrx_word' id='word_1_421' title='bbox 871 4062 1165 4110; x_wconf 87' lang='lat' dir='ltr'>eorumdem</span> <span class='ocrx_word' id='word_1_422' title='bbox 1199 4062 1381 4111; x_wconf 88' lang='lat' dir='ltr'>summi</span> <span class='ocrx_word' id='word_1_423' title='bbox 1417 4063 1551 4123; x_wconf 88' lang='lat' dir='ltr'>regis</span> <span class='ocrx_word' id='word_1_424' title='bbox 1588 4070 1640 4111; x_wconf 88' lang='lat' dir='ltr'>et</span> <span class='ocrx_word' id='word_1_425' title='bbox 1674 4062 1849 4123; x_wconf 85' lang='lat' dir='ltr'>regine</span> <span class='ocrx_word' id='word_1_426' title='bbox 1898 4062 2099 4110; x_wconf 88' lang='lat' dir='ltr'>celestis</span> <span class='ocrx_word' id='word_1_427' title='bbox 2154 4060 2358 4110; x_wconf 81' lang='lat' dir='ltr'>famulis</span> <span class='ocrx_word' id='word_1_428' title='bbox 2408 4062 2636 4125; x_wconf 89' lang='lat' dir='ltr'>ipsorum</span> <span class='ocrx_word' id='word_1_429' title='bbox 2689 4063 2905 4112; x_wconf 88' lang='lat' dir='ltr'>obtentu</span> <span class='ocrx_word' id='word_1_430' title='bbox 2959 4063 3014 4112; x_wconf 89' lang='lat' dir='ltr'>iu</span> 
     </span>
     <span class='ocr_line' id='line_1_43' title="bbox 626 4145 3012 4208; baseline 0.001 -14"><span class='ocrx_word' id='word_1_431' title='bbox 626 4145 732 4194; x_wconf 90' lang='lat' dir='ltr'>suis</span> <span class='ocrx_word' id='word_1_432' title='bbox 768 4152 845 4193; x_wconf 85' lang='lat' dir='ltr'>est</span> <span class='ocrx_word' id='word_1_433' title='bbox 879 4145 1284 4194; x_wconf 90' lang='lat' dir='ltr'>subueniendum</span> <span class='ocrx_word' id='word_1_434' title='bbox 1319 4147 1711 4195; x_wconf 87' lang='lat' dir='ltr'>necessitatibus</span> <span class='ocrx_word' id='word_1_435' title='bbox 1749 4155 1803 4195; x_wconf 91' lang='lat' dir='ltr'>ct</span> <span class='ocrx_word' id='word_1_436' title='bbox 1847 4146 2279 4208; x_wconf 89' lang='lat' dir='ltr'>oportunitatibus</span> <span class='ocrx_word' id='word_1_437' title='bbox 2332 4148 2690 4196; x_wconf 84' lang='lat' dir='ltr'>assistendum.</span> <span class='ocrx_word' id='word_1_438' title='bbox 2768 4146 3012 4197; x_wconf 82' lang='lat' dir='ltr'>Profecto</span> 
     </span>
     <span class='ocr_line' id='line_1_44' title="bbox 626 4229 3015 4294; baseline 0.002 -16"><span class='ocrx_word' id='word_1_439' title='bbox 626 4229 875 4278; x_wconf 88' lang='lat' dir='ltr'>immensa</span> <span class='ocrx_word' id='word_1_440' title='bbox 920 4230 1052 4278; x_wconf 87' lang='lat' dir='ltr'>inter</span> <span class='ocrx_word' id='word_1_441' title='bbox 1103 4238 1400 4292; x_wconf 89' lang='lat' dir='ltr'>comparata</span> <span class='ocrx_word' id='word_1_442' title='bbox 1447 4230 1718 4294; x_wconf 89' lang='lat' dir='ltr'>disparitas</span> <span class='ocrx_word' id='word_1_443' title='bbox 1772 4244 2061 4279; x_wconf 89' lang='lat' dir='ltr'>mensuram</span> <span class='ocrx_word' id='word_1_444' title='bbox 2114 4232 2513 4293; x_wconf 87' lang='lat' dir='ltr'>comparationis</span> <span class='ocrx_word' id='word_1_445' title='bbox 2565 4231 2859 4282; x_wconf 81' lang='lat' dir='ltr'>huiusmodi</span> <span class='ocrx_word' id='word_1_446' title='bbox 2911 4247 3015 4282; x_wconf 91' lang='lat' dir='ltr'>non</span> 
     </span>
     <span class='ocr_line' id='line_1_45' title="bbox 629 4312 3015 4375; baseline 0 -12"><span class='ocrx_word' id='word_1_447' title='bbox 629 4314 866 4363; x_wconf 88' lang='lat' dir='ltr'>admittit.</span> <span class='ocrx_word' id='word_1_448' title='bbox 949 4312 1059 4361; x_wconf 89' lang='lat' dir='ltr'>Hec</span> <span class='ocrx_word' id='word_1_449' title='bbox 1112 4328 1206 4362; x_wconf 91' lang='lat' dir='ltr'>nos</span> <span class='ocrx_word' id='word_1_450' title='bbox 1258 4321 1470 4362; x_wconf 88' lang='lat' dir='ltr'>monent</span> <span class='ocrx_word' id='word_1_451' title='bbox 1523 4315 1792 4375; x_wconf 81' lang='lat' dir='ltr'>attenciuS‚</span> <span class='ocrx_word' id='word_1_452' title='bbox 1830 4316 1923 4363; x_wconf 91' lang='lat' dir='ltr'>hec</span> <span class='ocrx_word' id='word_1_453' title='bbox 1959 4330 2054 4363; x_wconf 90' lang='lat' dir='ltr'>nos</span> <span class='ocrx_word' id='word_1_454' title='bbox 2090 4324 2142 4362; x_wconf 90' lang='lat' dir='ltr'>et</span> <span class='ocrx_word' id='word_1_455' title='bbox 2176 4313 2358 4363; x_wconf 84' lang='lat' dir='ltr'>fratres</span> <span class='ocrx_word' id='word_1_456' title='bbox 2396 4322 2597 4364; x_wconf 89' lang='lat' dir='ltr'>nostros</span> <span class='ocrx_word' id='word_1_457' title='bbox 2634 4316 2905 4365; x_wconf 88' lang='lat' dir='ltr'>hortantur</span> <span class='ocrx_word' id='word_1_458' title='bbox 2939 4317 3015 4364; x_wconf 90' lang='lat' dir='ltr'>in-</span> 
     </span>
     <span class='ocr_line' id='line_1_46' title="bbox 631 4397 3015 4458; baseline 0.001 -12"><span class='ocrx_word' id='word_1_459' title='bbox 631 4398 865 4458; x_wconf 88' lang='lat' dir='ltr'>stantius,</span> <span class='ocrx_word' id='word_1_460' title='bbox 900 4397 1043 4446; x_wconf 88' lang='lat' dir='ltr'>vobis</span> <span class='ocrx_word' id='word_1_461' title='bbox 1080 4406 1131 4446; x_wconf 91' lang='lat' dir='ltr'>et</span> <span class='ocrx_word' id='word_1_462' title='bbox 1163 4398 1484 4447; x_wconf 89' lang='lat' dir='ltr'>monasteriis</span> <span class='ocrx_word' id='word_1_463' title='bbox 1519 4401 1704 4448; x_wconf 89' lang='lat' dir='ltr'>uestris</span> <span class='ocrx_word' id='word_1_464' title='bbox 1741 4406 1923 4448; x_wconf 89' lang='lat' dir='ltr'>contra</span> <span class='ocrx_word' id='word_1_465' title='bbox 1956 4400 2285 4448; x_wconf 88' lang='lat' dir='ltr'>incidentium</span> <span class='ocrx_word' id='word_1_466' title='bbox 2330 4398 2640 4448; x_wconf 87' lang='lat' dir='ltr'>decimarum</span> <span class='ocrx_word' id='word_1_467' title='bbox 2693 4406 2745 4448; x_wconf 90' lang='lat' dir='ltr'>et</span> <span class='ocrx_word' id='word_1_468' title='bbox 2796 4399 3015 4449; x_wconf 88' lang='lat' dir='ltr'>aliarum</span> 
     </span>
     <span class='ocr_line' id='line_1_47' title="bbox 629 4479 3018 4548; baseline -0 -14"><span class='ocrx_word' id='word_1_469' title='bbox 629 4485 962 4534; x_wconf 80' lang='lat' dir='ltr'>exactionum</span> <span class='ocrx_word' id='word_1_470' title='bbox 996 4483 1285 4543; x_wconf 78' lang='lat' dir='ltr'>instantiaS,</span> <span class='ocrx_word' id='word_1_471' title='bbox 1323 4490 1577 4546; x_wconf 84' lang='lat' dir='ltr'>oportuno</span> <span class='ocrx_word' id='word_1_472' title='bbox 1614 4484 1838 4532; x_wconf 92' lang='lat' dir='ltr'>remedio</span> <span class='ocrx_word' id='word_1_473' title='bbox 1875 4483 2161 4546; x_wconf 88' lang='lat' dir='ltr'>prouidere.</span> <span class='ocrx_word' id='word_1_474' title='bbox 2256 4479 2394 4542; x_wconf 83' lang='lat' dir='ltr'>Quid</span> <span class='ocrx_word' id='word_1_475' title='bbox 2452 4483 2591 4545; x_wconf 90' lang='lat' dir='ltr'>enjm</span> <span class='ocrx_word' id='word_1_476' title='bbox 2643 4499 2771 4548; x_wconf 89' lang='lat' dir='ltr'>opus</span> <span class='ocrx_word' id='word_1_477' title='bbox 2823 4491 2903 4533; x_wconf 88' lang='lat' dir='ltr'>est</span> <span class='ocrx_word' id='word_1_478' title='bbox 2955 4499 3018 4533; x_wconf 90' lang='lat' dir='ltr'>ea</span> 
     </span>
     <span class='ocr_line' id='line_1_48' title="bbox 633 4564 3019 4633; baseline -0.001 -14"><span class='ocrx_word' id='word_1_479' title='bbox 633 4571 901 4619; x_wconf 89' lang='lat' dir='ltr'>decimare.</span> <span class='ocrx_word' id='word_1_480' title='bbox 939 4567 1023 4617; x_wconf 84' lang='lat' dir='ltr'>vel</span> <span class='ocrx_word' id='word_1_481' title='bbox 1056 4583 1148 4633; x_wconf 90' lang='lat' dir='ltr'>per</span> <span class='ocrx_word' id='word_1_482' title='bbox 1181 4576 1351 4632; x_wconf 89' lang='lat' dir='ltr'>partes</span> <span class='ocrx_word' id='word_1_483' title='bbox 1388 4567 1595 4630; x_wconf 87' lang='lat' dir='ltr'>exigere</span> <span class='ocrx_word' id='word_1_484' title='bbox 1633 4567 1699 4615; x_wconf 87' lang='lat' dir='ltr'>ad</span> <span class='ocrx_word' id='word_1_485' title='bbox 1727 4568 2051 4616; x_wconf 88' lang='lat' dir='ltr'>seruiendum</span> <span class='ocrx_word' id='word_1_486' title='bbox 2088 4564 2273 4615; x_wconf 84' lang='lat' dir='ltr'>exinde</span> <span class='ocrx_word' id='word_1_487' title='bbox 2310 4566 2531 4627; x_wconf 90' lang='lat' dir='ltr'>domiu0,</span> <span class='ocrx_word' id='word_1_488' title='bbox 2568 4582 2663 4630; x_wconf 93' lang='lat' dir='ltr'>que</span> <span class='ocrx_word' id='word_1_489' title='bbox 2701 4568 2859 4632; x_wconf 86' lang='lat' dir='ltr'>ipsius</span> <span class='ocrx_word' id='word_1_490' title='bbox 2898 4575 3019 4617; x_wconf 88' lang='lat' dir='ltr'>sunt</span> 
     </span>
     <span class='ocr_line' id='line_1_49' title="bbox 633 4649 3016 4716; baseline -0.001 -12"><span class='ocrx_word' id='word_1_491' title='bbox 633 4654 857 4704; x_wconf 86' lang='lat' dir='ltr'>seruiciis</span> <span class='ocrx_word' id='word_1_492' title='bbox 894 4653 1118 4703; x_wconf 87' lang='lat' dir='ltr'>totaliter</span> <span class='ocrx_word' id='word_1_493' title='bbox 1170 4651 1449 4716; x_wconf 73' lang='lat' dir='ltr'>deputata?</span> <span class='ocrx_word' id='word_1_494' title='bbox 1521 4651 1746 4713; x_wconf 89' lang='lat' dir='ltr'>Ideoque</span> <span class='ocrx_word' id='word_1_495' title='bbox 1802 4652 1863 4700; x_wconf 92' lang='lat' dir='ltr'>de</span> <span class='ocrx_word' id='word_1_496' title='bbox 1916 4650 2145 4714; x_wconf 87' lang='lat' dir='ltr'>ipsorum</span> <span class='ocrx_word' id='word_1_497' title='bbox 2194 4649 2411 4700; x_wconf 85' lang='lat' dir='ltr'>fratrum</span> <span class='ocrx_word' id='word_1_498' title='bbox 2463 4658 2757 4701; x_wconf 84' lang='lat' dir='ltr'>nostrorum</span> <span class='ocrx_word' id='word_1_499' title='bbox 2800 4652 3016 4702; x_wconf 89' lang='lat' dir='ltr'>consilio</span> 
     </span>
    </p>
   </div>
  </div>
 </body>
</html>
