3534 5361
1674 328 1792 387 157

540 514 753 580 provido
790 513 1040 578 dirigatur
1086 519 1139 559 et
1173 519 1384 560 auctore
1420 510 1626 560 domino
1686 508 1883 560 felicem
1938 520 2283 576 consequatur
2334 512 2573 564 effectum
2624 522 2676 564 et
2727 518 2788 567 de
2842 524 2928 566 tue

542 598 814 663 probitatis
849 596 1101 647 industria
1138 603 1370 659 gerentes
1407 595 1460 645 in
1496 594 1699 644 domino
1734 595 1973 645 fiduciam
2009 595 2287 660 pleniorem
2324 605 2373 647 te
2409 599 2462 648 in
2508 599 2788 650 ministerio
2824 602 2928 650 col·

543 682 784 732 leccionis
810 682 968 746 ipsius
997 681 1191 730 decime
1227 681 1277 729 in
1313 679 1543 744 predicto
1569 694 1729 741 regno
1755 678 1955 743 prefato
1980 681 2364 746 archiepiscopo
2391 684 2742 747 subrogamus.
2812 686 2931 734 Dis-

543 767 763 815 crecioni
800 775 885 817 tue
920 782 1010 831 per
1045 765 1331 830 apostolica
1365 763 1556 827 scripta
1594 762 1821 813 districte
1858 766 2183 830 precipiendo
2218 768 2532 818 mandantes.
2591 775 2840 831 quatenus
2880 770 2930 818 in

544 852 761 915 negocio
798 851 910 915 ipso
946 850 1094 900 iuxta
1131 858 1357 899 tenorem
1393 848 1679 897 litterarum
1716 849 2114 911 apostolicarum
2152 850 2313 899 eidem
2351 853 2734 918 archiepiscopo
2762 855 2929 903 direc-

547 943 714 985 tarum
750 934 1028 999 diligencia
1065 942 1252 983 exacta
1286 934 1536 997 procedas
1575 948 1635 981 ac
1669 933 2027 983 nichilominus
2075 935 2345 1000 episcopos
2397 944 2450 986 et
2500 938 2628 986 alias
2686 953 2931 1002 personas

548 1021 668 1070 dicti
704 1019 851 1083 regni
887 1020 1231 1081 cuiuscunque
1268 1025 1432 1067 status
1471 1034 1559 1067 seu
1596 1019 1859 1082 dignitatis
1897 1019 2122 1068 existant
2158 1035 2286 1083 quos
2334 1021 2422 1069 tibi
2472 1022 2812 1073 constiterunt
2847 1037 2935 1085 per

546 1105 932 1168 inquisicionem
971 1119 1124 1167 quam
1160 1102 1249 1152 tibi
1286 1118 1439 1167 super
1474 1102 1573 1166 hijs
1609 1103 1893 1152 auctoriate
1930 1106 2246 1168 presencium
2266 1106 2629 1157 committimus
2648 1106 2933 1156 faciendam

547 1205 611 1239 ex
647 1189 998 1253 probabilibus
1036 1202 1126 1236 seu
1163 1202 1229 1235 ex
1264 1186 1620 1236 verisimilibus
1640 1187 1945 1239 coniecturis
1970 1190 2193 1253 pensatis
2214 1204 2390 1239 eorum
2413 1191 2749 1254 prouentibus
2765 1191 2933 1240 minus

549 1274 721 1323 debito
757 1272 1052 1323 notabiliter
1087 1273 1148 1321 de
1187 1271 1386 1321 decima
1431 1272 1740 1335 persoluisse
1794 1274 1866 1322 ita
1923 1269 2060 1336 quod
2112 1289 2265 1337 super
2322 1276 2421 1324 hoc
2479 1275 2702 1340 suspecti
2755 1276 2934 1325 merito

550 1358 770 1407 debeant
804 1357 1027 1422 reputari
1064 1372 1158 1406 nec
1194 1372 1298 1407 non
1335 1364 1385 1405 et
1421 1372 1509 1406 eos
1547 1372 1614 1405 ex
1666 1357 1917 1421 episcopis
1971 1358 2241 1407 abbatibus
2293 1360 2549 1423 prioribus
2584 1358 2793 1423 prelatis
2830 1375 2936 1409 rec-

553 1443 749 1492 toribus
787 1450 839 1492 et
873 1441 988 1491 aliis
1024 1442 1220 1491 clericis
1257 1448 1307 1489 ct
1343 1441 1700 1491 ecelesiasticis
1739 1442 1969 1505 personis
2004 1441 2213 1506 prefatis
2251 1457 2376 1505 quos
2415 1444 2501 1492 tibi
2541 1444 2606 1493 ob
2663 1445 2936 1507 premissas

551 1543 732 1577 causas
770 1527 1318 1576 excommunicacionis
1355 1526 1666 1575 sentenciam
1704 1541 1856 1589 quam
1899 1525 1953 1575 in
2005 1526 2147 1576 nullo
2208 1528 2362 1576 modo
2421 1535 2510 1577 aut
2563 1528 2781 1578 scienter
2834 1544 2937 1578 non

549 1612 747 1676 integre
781 1612 862 1661 vel
898 1628 1001 1662 non
1035 1613 1088 1660 in
1124 1610 1416 1660 constitutis
1453 1625 1605 1675 super
1640 1611 1737 1659 hoc
1776 1610 2000 1660 terminis
2061 1610 2319 1660 soluentes
2373 1613 2621 1662 decimam
2657 1614 2765 1662 siue
2803 1612 2938 1663 frau-

552 1698 666 1746 dem
704 1696 1002 1746 adhibentes
1040 1698 1175 1745 circa
1210 1696 1527 1746 solucionem
1563 1694 1720 1759 ipsius
1758 1710 1847 1743 scu
1883 1694 2012 1743 alias
2047 1703 2333 1757 prestantes
2385 1697 2801 1761 impedimentum
2837 1714 2937 1762 quo

551 1780 718 1831 minus
754 1782 866 1846 ipsa
901 1782 1099 1831 decima
1136 1780 1422 1830 solueretur
1457 1780 1709 1843 prolatam
1748 1778 1801 1827 in
1836 1781 2063 1843 predicto
2115 1780 2446 1843 Lugdunensi
2482 1783 2697 1833 consilio
2735 1785 2814 1833 vel
2850 1799 2939 1848 per

550 1867 769 1916 eundem
803 1866 1246 1930 archiepiscopum
1293 1864 1568 1929 prestiterit
1619 1864 1908 1913 incurrisse.
1969 1879 2062 1913 nec
2115 1880 2219 1914 non
2267 1866 2521 1928 quoslibet
2555 1868 2851 1918 collectores
2888 1878 2940 1917 et

552 1966 878 2016 quoscunque
938 1952 1274 2016 depositarios
1325 1949 1459 1998 dicte
1521 1950 1712 1998 decime
1766 1964 1832 1997 ex
1892 1956 2035 2011 parte
2094 1957 2270 1999 nostra
2318 1950 2595 2000 efficaciter
2638 1968 2849 2003 moneas
2888 1961 2939 2002 et

553 2036 767 2086 inducas
804 2045 860 2086 ut
895 2035 1028 2085 infra
1065 2041 1438 2100 competentem
1479 2034 1746 2083 terminum
1784 2049 1816 2082 a
1853 2043 1900 2082 te
1926 2034 2278 2097 pre.'gendum
2303 2036 2508 2084 eisdem.
2537 2036 2689 2086 iidem
2714 2038 2935 2102 episcopi

556 2128 607 2171 et
641 2121 739 2171 alie
776 2122 1121 2172 ecclesiastice
1157 2134 1368 2183 persone
1407 2121 1468 2168 de
1505 2119 1835 2182 proventibus
1872 2118 1976 2167 suis
2011 2118 2300 2168 huiusmodi
2348 2121 2595 2169 decimam
2645 2134 2759 2170 cum
2812 2122 2941 2171 inte-

556 2206 741 2269 gritate
777 2208 1076 2271 persoluant
1111 2211 1161 2253 et
1199 2205 1259 2253 de
1299 2204 1585 2253 huiusmodi
1621 2203 1985 2266 impedimento
2037 2204 2125 2251 tibi
2185 2220 2276 2268 pro
2336 2205 2469 2255 dicte
2529 2213 2660 2254 terre
2713 2206 2940 2256 subsidio

555 2289 763 2354 plenam
799 2298 852 2339 et
887 2291 1109 2339 debitam
1147 2288 1556 2339 satisfaccionem
1593 2288 1904 2352 impendant.
1993 2287 2313 2339 Collectores
2368 2304 2564 2353 quoque
2621 2291 2831 2354 predicti
2881 2292 2942 2339 de

557 2374 785 2424 collectis
821 2376 887 2424 ab
925 2376 996 2425 eis
1032 2375 1123 2424 tibi
1160 2376 1377 2423 reddant
1410 2373 1689 2437 plenariam
1729 2373 1987 2422 racionem
2036 2387 2096 2421 ac
2148 2372 2303 2435 ijdem
2357 2374 2652 2438 depositarij
2708 2376 2944 2439 deposita

558 2466 763 2521 recepta
799 2467 1029 2509 cessante
1067 2457 1368 2508 difficultate
1415 2457 1641 2521 qualibet
1692 2456 1827 2506 infra
1877 2458 2165 2507 huiusmodi
2224 2459 2495 2508 terminum
2555 2460 2645 2508 tibi
2705 2462 2944 2509 studeant

558 2544 798 2593 exhibere
837 2550 888 2593 et
924 2543 1282 2594 nichilominus
1317 2542 1433 2592 illos
1470 2556 1535 2589 ex
1573 2542 1806 2606 personis
1843 2542 2033 2591 eisdem
2070 2543 2152 2606 qui
2190 2544 2395 2593 monitis
2444 2545 2541 2594 tuis
2578 2545 2628 2593 in
2667 2545 2764 2594 hac
2799 2553 2943 2610 parte

558 2629 818 2694 paruerint
855 2629 919 2677 ab
956 2626 1508 2677 excommunicacionis
1545 2626 1818 2676 sentenciis
1856 2626 1895 2675 si
1935 2642 2059 2690 quas
2097 2637 2306 2693 propter
2339 2630 2437 2679 hoc
2490 2630 2790 2680 incurrerint
2825 2646 2944 2679 auc-

559 2714 764 2763 toritate
800 2721 977 2763 nostra
1011 2715 1158 2762 iuxta
1194 2712 1407 2761 ecclesie
1444 2709 1663 2761 formam
1701 2712 1942 2761 absoluas
1981 2722 2032 2761 et
2067 2713 2329 2777 dispensas
2366 2730 2480 2762 cum
2519 2715 2589 2764 eis
2635 2731 2789 2780 super
2822 2717 2943 2765 irre·

557 2799 832 2861 gularitate
869 2798 909 2847 si
949 2813 1048 2862 qua
1083 2799 1405 2846 incurrerunt
1439 2796 1678 2860 predictis
1714 2795 1859 2859 ligati
1898 2798 2169 2847 sentenciis
2207 2799 2378 2847 diuina
2416 2798 2587 2848 officia
2638 2801 2943 2850 celebrando

559 2883 642 2932 uel
678 2898 732 2932 se
769 2882 1104 2932 immiscendo
1142 2882 1345 2930 eisdem.
1428 2879 1576 2942 Qvod
1616 2885 1654 2930 si
1695 2881 1824 2930 tales
1860 2880 1990 2930 infra
2027 2884 2326 2946 premissum
2364 2890 2563 2948 tempus
2601 2887 2700 2934 tuis
2739 2886 2943 2935 monitis

558 2982 736 3031 parere
783 2966 915 3016 forte
962 2966 1361 3028 contempserint
1413 2968 1678 3031 episcopos
1733 2974 1786 3015 et
1839 2966 1965 3015 alias
2019 2982 2266 3029 personas
2320 2966 2543 3030 prefatas
2597 2985 2723 3032 quos
2780 2970 2946 3019 taliter

560 3060 822 3116 suspectos
858 3051 1085 3101 inuenies
1122 3051 1426 3100 auctoritate
1465 3054 1693 3116 predicta
1730 3050 2016 3100 nomitatim
2038 3051 2383 3100 ecclesiastica
2408 3066 2624 3102 censura
2648 3054 2943 3117 compellas.

557 3137 631 3186 Et
665 3138 708 3186 si
746 3136 841 3200 ipsi
879 3152 969 3201 per
1003 3151 1162 3185 unum
1198 3150 1422 3184 mensem
1461 3151 1724 3185 censuram
1761 3135 2054 3184 huiusmodi
2092 3135 2424 3186 sustinuerint
2469 3136 2649 3185 animis
2697 3136 2945 3186 induratis

560 3237 646 3272 eos
699 3227 888 3271 extunc
946 3231 998 3270 et
1055 3220 1180 3270 alios
1241 3220 1711 3270 excommunicatos
1773 3219 2074 3269 collectores
2135 3226 2186 3268 et
2240 3221 2579 3284 depositarios
2632 3228 2943 3270 memoratos

560 3306 899 3371 peremptorie
935 3305 1091 3354 citare
1128 3319 1370 3368 procures
1407 3312 1463 3353 ut
1497 3303 1630 3354 infra
1666 3306 2001 3367 competentis
2040 3305 2241 3353 termini
2278 3305 2506 3368 spacium
2545 3321 2576 3354 a
2614 3314 2662 3353 te
2698 3305 2946 3368 prefigen-

560 3394 683 3441 dum
717 3391 907 3440 eisdem
932 3397 1061 3453 post
1097 3390 1390 3438 citationem
1427 3396 1567 3438 tuam
1604 3405 1695 3453 per
1730 3405 1784 3438 se
1831 3389 1913 3437 uel
1964 3404 2053 3453 per
2105 3397 2463 3451 procuratores
2520 3391 2748 3454 ydoneos
2809 3404 2944 3439 com-

558 3484 771 3540 pareant
807 3489 979 3524 coram
1017 3474 1161 3523 nobis
1199 3474 1388 3524 nost-ris
1425 3488 1577 3537 super
1609 3473 1707 3522 hoc
1743 3475 1999 3522 mandatis
2036 3481 2087 3522 et
2121 3473 2452 3536 beneplacitis
2498 3474 2710 3537 parituri
2745 3489 2806 3523 ac
2841 3473 2945 3524 fac-

561 3561 658 3610 turi
696 3568 747 3609 et
781 3560 1035 3624 recepturi
1071 3560 1207 3621 quod
1262 3558 1465 3607 iusticia
1517 3558 1762 3607 svadebit.
1856 3558 2008 3607 Dicte
2061 3573 2180 3607 vero
2234 3559 2494 3608 citacionis
2546 3567 2596 3608 et
2650 3560 2944 3623 prefixionis

557 3645 851 3695 huiusmodi
890 3651 940 3692 et
977 3645 1213 3708 quicquid
1250 3658 1402 3707 super
1438 3642 1535 3691 hiis
1573 3643 1779 3691 duxeris
1817 3641 2106 3691 faciendum
2137 3643 2283 3692 nobis
2312 3658 2403 3706 per
2432 3651 2545 3692 tuas
2566 3643 2738 3694 literas
2758 3645 2939 3694 harum

559 3729 740 3779 seriem
776 3730 1095 3779 continentes
1131 3729 1338 3778 studeas
1372 3726 1588 3776 fideliter
1621 3727 1872 3777 intimare.
1970 3726 2207 3776 Ceterum
2262 3737 2319 3777 ut
2372 3727 2595 3777 officium
2636 3729 2725 3778 tibi
2761 3731 2812 3778 in
2847 3730 2944 3779 hac

556 3823 702 3879 parte
738 3814 1065 3864 commissum
1103 3812 1277 3861 utilius
1314 3819 1365 3862 et
1402 3811 1659 3861 efficacius
1696 3812 1869 3861 valeas
1907 3827 2144 3861 exercere
2182 3813 2517 3877 compellendi
2571 3813 2797 3877 prefatos
2837 3828 2943 3878 pre’-

559 3901 692 3950 latos
729 3900 957 3962 aliasque
991 3913 1238 3963 personas
1277 3897 1646 3946 ecclesiasticas
1682 3899 1886 3947 illarum
1924 3900 2151 3962 parcium
2198 3898 2264 3945 ad
2318 3898 2687 3960 prouidendum
2741 3898 2829 3947 tibi
2884 3900 2945 3948 de

559 3999 740 4034 securo
778 3985 1037 4033 conductu
1075 3998 1188 4032 cum
1227 3998 1258 4031 a
1295 3990 1342 4031 te
1381 3996 1532 4045 super
1578 3982 1676 4031 hoc
1731 3980 1920 4031 fuerint
1976 3983 2200 4045 requisiti
2256 3998 2316 4030 ac
2375 3983 2611 4046 exigendi
2665 3983 2838 4047 legata
2897 3994 2947 4032 et

561 4069 904 4119 obuenciones
943 4068 1401 4130 quomodocunque
1439 4067 1662 4130 predict-e
1701 4075 1833 4115 terre
1872 4067 2098 4116 subsidio
2136 4069 2381 4130 deputata
2422 4066 2623 4131 plenam
2679 4069 2769 4117 tibi
2828 4082 2946 4116 auc·

560 4153 767 4204 toritate
803 4152 1114 4217 presentium
1151 4150 1479 4200 concedimus
1517 4150 1831 4200 facultatem.
1925 4151 2041 4200 Non
2095 4152 2331 4201 obstante
2385 4152 2426 4200 si
2480 4159 2557 4200 est
2591 4152 2843 4215 aliquibus
2882 4152 2946 4201 ab

560 4239 738 4288 eadem
775 4239 895 4287 sede
932 4236 1185 4286 indultum
1223 4236 1358 4298 quod
1396 4236 1625 4284 interdici
1663 4236 1748 4284 uel
1785 4237 2216 4286 excommunicari
2261 4244 2518 4300 nequeant
2565 4243 2655 4285 aut
2708 4237 2944 4300 suspendi

560 4331 650 4372 aut
685 4324 822 4386 quod
858 4332 1057 4386 tempus
1093 4321 1157 4370 ad
1195 4319 1506 4369 solucionem
1545 4321 1769 4384 predicte
1830 4321 2021 4368 decime
2080 4327 2326 4370 statutum
2381 4322 2434 4370 in
2491 4321 2672 4370 eodem
2726 4319 2945 4370 concilio

561 4414 638 4455 est
674 4407 921 4471 elapsum.
992 4406 1236 4455 Preterea
1273 4404 1362 4453 tibi
1401 4405 1727 4454 concedimus
1765 4405 1828 4454 de
1864 4406 2081 4468 pecunia
2115 4404 2272 4463 ipsius
2310 4406 2502 4454 decime
2534 4406 2746 4469 singulis
2768 4405 2945 4455 diebus

561 4491 611 4541 in
649 4491 830 4555 quibus
867 4491 1004 4540 circa
1040 4491 1287 4554 premissa
1322 4489 1546 4549 uacabiS,
1584 4490 1759 4538 decem
1796 4496 1846 4536 et
1883 4496 2002 4538 octo
2038 4488 2227 4538 solidos
2248 4488 2623 4546 Turonensium
2650 4504 2943 4553 pernoram,

562 4576 645 4624 uel
681 4591 859 4625 eorum
893 4575 1123 4624 ualorem
1160 4573 1374 4638 recipias
1411 4588 1503 4637 pro
1540 4573 1747 4622 eisdem.
1834 4573 2030 4621 Datum
2065 4573 2225 4626 Rome
2261 4575 2396 4637 apud
2433 4581 2661 4623 sanctam
2701 4574 2944 4624 Sabinam

562 4659 664 4708 kal.
706 4659 1016 4709 Nouembris
1052 4657 1380 4722 pontificatus
1418 4659 1578 4708 nostri
1616 4673 1750 4707 anno
1790 4656 1967 4718 primo.

1357 4739 1491 4785 (An-ch.
1521 4743 1603 4779 Vn.
1635 4743 1729 4788 neg.
1759 4743 1894 4778 Honor.
1926 4741 1984 4778 lv.
2017 4751 2078 4780 an.
2108 4742 2151 4784 l).
