<?xml version="1.0" encoding="UTF-8"?>
<!DOCTYPE html PUBLIC "-//W3C//DTD XHTML 1.0 Transitional//EN"
    "http://www.w3.org/TR/xhtml1/DTD/xhtml1-transitional.dtd">
<html xmlns="http://www.w3.org/1999/xhtml" xml:lang="en" lang="en">
 <head>
  <title>
</title>
<meta http-equiv="Content-Type" content="text/html;charset=utf-8" />
  <meta name='ocr-system' content='tesseract 3.04.00' />
  <meta name='ocr-capabilities' content='ocr_page ocr_carea ocr_par ocr_line ocrx_word'/>
</head>
<body>
  <div class='ocr_page' id='page_1' title='image "./paveligenuntier00kildgoog_0162.png"; bbox 0 0 3534 5361; ppageno 0'>
   <div class='ocr_carea' id='block_1_1' title="bbox 1744 359 1860 421">
    <p class='ocr_par' dir='ltr' id='par_1_1' title="bbox 1744 359 1860 421">
     <span class='ocr_line' id='line_1_1' title="bbox 1744 359 1860 421; baseline 0 0"><span class='ocrx_word' id='word_1_1' title='bbox 1744 359 1860 421; x_wconf 88' lang='lat'><strong>146</strong></span> 
     </span>
    </p>
   </div>
   <div class='ocr_carea' id='block_1_2' title="bbox 594 545 2983 1708">
    <p class='ocr_par' dir='ltr' id='par_1_2' title="bbox 594 545 2983 1708">
     <span class='ocr_line' id='line_1_2' title="bbox 601 545 2982 612; baseline 0.003 -20"><span class='ocrx_word' id='word_1_2' title='bbox 601 557 761 592; x_wconf 87' lang='lat' dir='ltr'><strong>annos</strong></span> <span class='ocrx_word' id='word_1_3' title='bbox 796 545 847 593; x_wconf 91' lang='lat' dir='ltr'><strong>in</strong></span> <span class='ocrx_word' id='word_1_4' title='bbox 885 552 1016 592; x_wconf 88' lang='lat' dir='ltr'><strong>terre</strong></span> <span class='ocrx_word' id='word_1_5' title='bbox 1052 557 1228 594; x_wconf 89' lang='lat' dir='ltr'><strong>sancte</strong></span> <span class='ocrx_word' id='word_1_6' title='bbox 1265 546 1542 595; x_wconf 87' lang='lat' dir='ltr'><strong>subsidium</strong></span> <span class='ocrx_word' id='word_1_7' title='bbox 1582 549 1841 612; x_wconf 83' lang='lat' dir='ltr'><strong>deputate,</strong></span> <span class='ocrx_word' id='word_1_8' title='bbox 1880 548 2046 596; x_wconf 86' lang='lat' dir='ltr'><strong>littere</strong></span> <span class='ocrx_word' id='word_1_9' title='bbox 2084 563 2114 595; x_wconf 90' lang='lat' dir='ltr'><strong>a</strong></span> <span class='ocrx_word' id='word_1_10' title='bbox 2152 550 2270 596; x_wconf 88' lang='lat' dir='ltr'><strong>sede</strong></span> <span class='ocrx_word' id='word_1_11' title='bbox 2299 550 2585 612; x_wconf 90' lang='lat' dir='ltr'><strong>apostolica</strong></span> <span class='ocrx_word' id='word_1_12' title='bbox 2610 551 2866 600; x_wconf 82' lang='lat' dir='ltr'><strong>commissi</strong></span> <span class='ocrx_word' id='word_1_13' title='bbox 2891 551 2982 601; x_wconf 88' lang='lat' dir='ltr'><strong>tibi</strong></span> 
     </span>
     <span class='ocr_line' id='line_1_3' title="bbox 599 627 2983 698; baseline 0.003 -23"><span class='ocrx_word' id='word_1_14' title='bbox 599 627 860 690; x_wconf 84' lang='lat' dir='ltr'><strong>ministerij</strong></span> <span class='ocrx_word' id='word_1_15' title='bbox 901 643 1053 692; x_wconf 87' lang='lat' dir='ltr'><strong>super</strong></span> <span class='ocrx_word' id='word_1_16' title='bbox 1092 630 1383 692; x_wconf 88' lang='lat' dir='ltr'><strong>colligenda</strong></span> <span class='ocrx_word' id='word_1_17' title='bbox 1417 631 1707 680; x_wconf 89' lang='lat' dir='ltr'><strong>huiusmodi</strong></span> <span class='ocrx_word' id='word_1_18' title='bbox 1746 633 1943 681; x_wconf 90' lang='lat' dir='ltr'><strong>decima</strong></span> <span class='ocrx_word' id='word_1_19' title='bbox 1996 632 2086 680; x_wconf 89' lang='lat' dir='ltr'><strong>tibi</strong></span> <span class='ocrx_word' id='word_1_20' title='bbox 2140 642 2430 696; x_wconf 60' lang='lat' dir='ltr'><strong>presentate</strong></span> <span class='ocrx_word' id='word_1_21' title='bbox 2481 633 2702 692; x_wconf 79' lang='lat' dir='ltr'><strong>fuerunt,</strong></span> <span class='ocrx_word' id='word_1_22' title='bbox 2749 636 2983 698; x_wconf 90' lang='lat' dir='ltr'><strong>quodque</strong></span> 
     </span>
     <span class='ocr_line' id='line_1_4' title="bbox 598 714 2980 780; baseline 0.003 -21"><span class='ocrx_word' id='word_1_23' title='bbox 598 714 922 774; x_wconf 89' lang='lat' dir='ltr'><strong>postmodum</strong></span> <span class='ocrx_word' id='word_1_24' title='bbox 959 727 1091 761; x_wconf 91' lang='lat' dir='ltr'><strong>anno</strong></span> <span class='ocrx_word' id='word_1_25' title='bbox 1128 720 1249 761; x_wconf 92' lang='lat' dir='ltr'><strong>tunc</strong></span> <span class='ocrx_word' id='word_1_26' title='bbox 1287 715 1520 776; x_wconf 87' lang='lat' dir='ltr'><strong>proximo</strong></span> <span class='ocrx_word' id='word_1_27' title='bbox 1559 718 1788 777; x_wconf 79' lang='lat' dir='ltr'><strong>sequenti</strong></span> <span class='ocrx_word' id='word_1_28' title='bbox 1825 716 2113 765; x_wconf 89' lang='lat' dir='ltr'><strong>huiusmodi</strong></span> <span class='ocrx_word' id='word_1_29' title='bbox 2153 718 2398 766; x_wconf 78' lang='lat' dir='ltr'>decimam</span> <span class='ocrx_word' id='word_1_30' title='bbox 2437 718 2705 780; x_wconf 89' lang='lat' dir='ltr'><strong>collegisti,</strong></span> <span class='ocrx_word' id='word_1_31' title='bbox 2734 720 2821 767; x_wconf 89' lang='lat' dir='ltr'><strong>sed</strong></span> <span class='ocrx_word' id='word_1_32' title='bbox 2847 732 2980 766; x_wconf 92' lang='lat' dir='ltr'><strong>anno</strong></span> 
     </span>
     <span class='ocr_line' id='line_1_5' title="bbox 599 797 2980 866; baseline 0.003 -22"><span class='ocrx_word' id='word_1_33' title='bbox 599 804 781 858; x_wconf 89' lang='lat' dir='ltr'><strong>postea</strong></span> <span class='ocrx_word' id='word_1_34' title='bbox 821 797 1112 845; x_wconf 78' lang='lat' dir='ltr'><strong>immediate</strong></span> <span class='ocrx_word' id='word_1_35' title='bbox 1153 812 1338 846; x_wconf 85' lang='lat' dir='ltr'><strong>annum</strong></span> <span class='ocrx_word' id='word_1_36' title='bbox 1390 798 1707 848; x_wconf 81' lang='lat' dir='ltr'>collectionis</span> <span class='ocrx_word' id='word_1_37' title='bbox 1760 801 2053 849; x_wconf 89' lang='lat' dir='ltr'><strong>huiusmodi</strong></span> <span class='ocrx_word' id='word_1_38' title='bbox 2107 802 2444 864; x_wconf 81' lang='lat' dir='ltr'><strong>subsequente</strong></span> <span class='ocrx_word' id='word_1_39' title='bbox 2492 804 2622 850; x_wconf 90' lang='lat' dir='ltr'><strong>adeo</strong></span> <span class='ocrx_word' id='word_1_40' title='bbox 2660 802 2980 866; x_wconf 86' lang='lat' dir='ltr'><strong>intemperies</strong></span> 
     </span>
     <span class='ocr_line' id='line_1_6' title="bbox 598 879 2979 948; baseline 0.004 -22"><span class='ocrx_word' id='word_1_41' title='bbox 598 879 729 927; x_wconf 85' lang='lat' dir='ltr'><strong>aeris</strong></span> <span class='ocrx_word' id='word_1_42' title='bbox 767 882 816 929; x_wconf 91' lang='lat' dir='ltr'><strong>in</strong></span> <span class='ocrx_word' id='word_1_43' title='bbox 852 881 1060 942; x_wconf 81' lang='lat' dir='ltr'><strong>regione</strong></span> <span class='ocrx_word' id='word_1_44' title='bbox 1098 880 1362 943; x_wconf 88' lang='lat' dir='ltr'><strong>Norwegie</strong></span> <span class='ocrx_word' id='word_1_45' title='bbox 1399 883 1725 932; x_wconf 89' lang='lat' dir='ltr'><strong>vehementer</strong></span> <span class='ocrx_word' id='word_1_46' title='bbox 1760 884 1989 942; x_wconf 89' lang='lat' dir='ltr'><strong>invaluit,</strong></span> <span class='ocrx_word' id='word_1_47' title='bbox 2028 887 2162 948; x_wconf 93' lang='lat' dir='ltr'><strong>quod</strong></span> <span class='ocrx_word' id='word_1_48' title='bbox 2201 895 2408 948; x_wconf 85' lang='lat' dir='ltr'><strong>propter</strong></span> <span class='ocrx_word' id='word_1_49' title='bbox 2456 886 2741 934; x_wconf 83' lang='lat' dir='ltr'><strong>sterilitatis</strong></span> <span class='ocrx_word' id='word_1_50' title='bbox 2787 887 2979 935; x_wconf 91' lang='lat' dir='ltr'><strong>incom-</strong></span> 
     </span>
     <span class='ocr_line' id='line_1_7' title="bbox 597 965 2979 1034; baseline 0.003 -22"><span class='ocrx_word' id='word_1_51' title='bbox 597 966 806 1013; x_wconf 88' lang='lat' dir='ltr'><strong>modum</strong></span> <span class='ocrx_word' id='word_1_52' title='bbox 843 979 908 1012; x_wconf 85' lang='lat' dir='ltr'><strong>ex</strong></span> <span class='ocrx_word' id='word_1_53' title='bbox 945 965 1042 1014; x_wconf 89' lang='lat' dir='ltr'><strong>hoc</strong></span> <span class='ocrx_word' id='word_1_54' title='bbox 1078 965 1130 1012; x_wconf 90' lang='lat' dir='ltr'><strong>in</strong></span> <span class='ocrx_word' id='word_1_55' title='bbox 1167 966 1344 1014; x_wconf 86' lang='lat' dir='ltr'><strong>eadem</strong></span> <span class='ocrx_word' id='word_1_56' title='bbox 1380 968 1586 1027; x_wconf 81' lang='lat' dir='ltr'><strong>regione</strong></span> <span class='ocrx_word' id='word_1_57' title='bbox 1624 975 1872 1027; x_wconf 87' lang='lat' dir='ltr'><strong>secutum,</strong></span> <span class='ocrx_word' id='word_1_58' title='bbox 1908 968 2040 1017; x_wconf 89' lang='lat' dir='ltr'><strong>inter</strong></span> <span class='ocrx_word' id='word_1_59' title='bbox 2074 969 2327 1017; x_wconf 88' lang='lat' dir='ltr'><strong>eruciatus</strong></span> <span class='ocrx_word' id='word_1_60' title='bbox 2371 968 2521 1018; x_wconf 90' lang='lat' dir='ltr'><strong>famis</strong></span> <span class='ocrx_word' id='word_1_61' title='bbox 2566 970 2723 1034; x_wconf 90' lang='lat' dir='ltr'><strong>ipsius</strong></span> <span class='ocrx_word' id='word_1_62' title='bbox 2761 972 2979 1032; x_wconf 87' lang='lat' dir='ltr'><strong>regionis</strong></span> 
     </span>
     <span class='ocr_line' id='line_1_8' title="bbox 594 1047 2981 1113; baseline 0.004 -19"><span class='ocrx_word' id='word_1_63' title='bbox 594 1047 1043 1109; x_wconf 72' lang='lat' dir='ltr'><strong>languescentibus</strong></span> <span class='ocrx_word' id='word_1_64' title='bbox 1082 1049 1297 1112; x_wconf 77' lang='lat' dir='ltr'><strong>populiS‚</strong></span> <span class='ocrx_word' id='word_1_65' title='bbox 1333 1065 1462 1113; x_wconf 89' lang='lat' dir='ltr'><strong>pene</strong></span> <span class='ocrx_word' id='word_1_66' title='bbox 1511 1060 1642 1098; x_wconf 89' lang='lat' dir='ltr'><strong>terre</strong></span> <span class='ocrx_word' id='word_1_67' title='bbox 1691 1052 1911 1113; x_wconf 86' lang='lat' dir='ltr'><strong>regionis</strong></span> <span class='ocrx_word' id='word_1_68' title='bbox 1963 1053 2098 1101; x_wconf 84' lang='lat' dir='ltr'><strong>illius</strong></span> <span class='ocrx_word' id='word_1_69' title='bbox 2152 1053 2391 1102; x_wconf 90' lang='lat' dir='ltr'><strong>sementis</strong></span> <span class='ocrx_word' id='word_1_70' title='bbox 2443 1052 2644 1101; x_wconf 82' lang='lat' dir='ltr'><strong>defectu</strong></span> <span class='ocrx_word' id='word_1_71' title='bbox 2696 1069 2981 1104; x_wconf 81' lang='lat' dir='ltr'><strong>remansere</strong></span> 
     </span>
     <span class='ocr_line' id='line_1_9' title="bbox 596 1130 2981 1201; baseline 0.003 -22"><span class='ocrx_word' id='word_1_72' title='bbox 596 1132 802 1180; x_wconf 86' lang='lat' dir='ltr'><strong>inculte.</strong></span> <span class='ocrx_word' id='word_1_73' title='bbox 874 1130 1044 1191; x_wconf 87' lang='lat' dir='ltr'><strong>Quare</strong></span> <span class='ocrx_word' id='word_1_74' title='bbox 1082 1133 1219 1182; x_wconf 90' lang='lat' dir='ltr'><strong>clero</strong></span> <span class='ocrx_word' id='word_1_75' title='bbox 1257 1135 1414 1197; x_wconf 89' lang='lat' dir='ltr'><strong>ipsius</strong></span> <span class='ocrx_word' id='word_1_76' title='bbox 1452 1135 1677 1197; x_wconf 85' lang='lat' dir='ltr'><strong>regionis</strong></span> <span class='ocrx_word' id='word_1_77' title='bbox 1714 1137 1763 1184; x_wconf 90' lang='lat' dir='ltr'><strong>in</strong></span> <span class='ocrx_word' id='word_1_78' title='bbox 1802 1144 1943 1186; x_wconf 91' lang='lat' dir='ltr'><strong>tante</strong></span> <span class='ocrx_word' id='word_1_79' title='bbox 1979 1137 2255 1199; x_wconf 84' lang='lat' dir='ltr'><strong>indigentie</strong></span> <span class='ocrx_word' id='word_1_80' title='bbox 2292 1137 2507 1187; x_wconf 86' lang='lat' dir='ltr'><strong>articulo</strong></span> <span class='ocrx_word' id='word_1_81' title='bbox 2533 1138 2981 1201; x_wconf 89' lang='lat' dir='ltr'><strong>constituto‚quod</strong></span> 
     </span>
     <span class='ocr_line' id='line_1_10' title="bbox 595 1217 2980 1287; baseline 0.002 -22"><span class='ocrx_word' id='word_1_82' title='bbox 595 1218 659 1265; x_wconf 87' lang='lat' dir='ltr'><strong>ad</strong></span> <span class='ocrx_word' id='word_1_83' title='bbox 697 1217 1005 1266; x_wconf 86' lang='lat' dir='ltr'><strong>solutionem</strong></span> <span class='ocrx_word' id='word_1_84' title='bbox 1042 1218 1234 1267; x_wconf 85' lang='lat' dir='ltr'><strong>decime</strong></span> <span class='ocrx_word' id='word_1_85' title='bbox 1274 1235 1363 1281; x_wconf 82' lang='lat' dir='ltr'><strong>pro</strong></span> <span class='ocrx_word' id='word_1_86' title='bbox 1402 1235 1538 1268; x_wconf 90' lang='lat' dir='ltr'><strong>anno</strong></span> <span class='ocrx_word' id='word_1_87' title='bbox 1577 1220 1858 1268; x_wconf 81' lang='lat' dir='ltr'><strong>sterilitatis</strong></span> <span class='ocrx_word' id='word_1_88' title='bbox 1897 1221 2187 1270; x_wconf 89' lang='lat' dir='ltr'><strong>huiusmodi</strong></span> <span class='ocrx_word' id='word_1_89' title='bbox 2225 1223 2428 1270; x_wconf 91' lang='lat' dir='ltr'><strong>minime</strong></span> <span class='ocrx_word' id='word_1_90' title='bbox 2452 1223 2980 1287; x_wconf 87' lang='lat' dir='ltr'><strong>teneantur,petiuisti</strong></span> 
     </span>
     <span class='ocr_line' id='line_1_11' title="bbox 595 1300 2981 1370; baseline 0.003 -21"><span class='ocrx_word' id='word_1_91' title='bbox 595 1316 625 1349; x_wconf 87' lang='lat' dir='ltr'><strong>a</strong></span> <span class='ocrx_word' id='word_1_92' title='bbox 664 1300 809 1349; x_wconf 91' lang='lat' dir='ltr'><strong>nobis</strong></span> <span class='ocrx_word' id='word_1_93' title='bbox 842 1301 1100 1350; x_wconf 89' lang='lat' dir='ltr'><strong>humiliter</strong></span> <span class='ocrx_word' id='word_1_94' title='bbox 1134 1303 1402 1366; x_wconf 87' lang='lat' dir='ltr'><strong>indulgeri.</strong></span> <span class='ocrx_word' id='word_1_95' title='bbox 1477 1304 1620 1351; x_wconf 88' lang='lat' dir='ltr'><strong>Licet</strong></span> <span class='ocrx_word' id='word_1_96' title='bbox 1656 1312 1827 1352; x_wconf 85' lang='lat' dir='ltr'><strong>autem</strong></span> <span class='ocrx_word' id='word_1_97' title='bbox 1865 1306 1959 1352; x_wconf 87' lang='lat' dir='ltr'><strong>hee</strong></span> <span class='ocrx_word' id='word_1_98' title='bbox 1994 1307 2046 1353; x_wconf 90' lang='lat' dir='ltr'><strong>in</strong></span> <span class='ocrx_word' id='word_1_99' title='bbox 2084 1306 2229 1355; x_wconf 92' lang='lat' dir='ltr'><strong>nobis</strong></span> <span class='ocrx_word' id='word_1_100' title='bbox 2267 1306 2515 1355; x_wconf 85' lang='lat' dir='ltr'><strong>suscitent</strong></span> <span class='ocrx_word' id='word_1_101' title='bbox 2550 1307 2716 1355; x_wconf 87' lang='lat' dir='ltr'><strong>debite</strong></span> <span class='ocrx_word' id='word_1_102' title='bbox 2752 1321 2981 1370; x_wconf 87' lang='lat' dir='ltr'><strong>compas-</strong></span> 
     </span>
     <span class='ocr_line' id='line_1_12' title="bbox 594 1382 2982 1455; baseline 0.004 -24"><span class='ocrx_word' id='word_1_103' title='bbox 594 1385 749 1432; x_wconf 81' lang='lat' dir='ltr'><strong>sionis</strong></span> <span class='ocrx_word' id='word_1_104' title='bbox 776 1382 1031 1447; x_wconf 84' lang='lat' dir='ltr'><strong>affeetum,</strong></span> <span class='ocrx_word' id='word_1_105' title='bbox 1068 1388 1379 1436; x_wconf 83' lang='lat' dir='ltr'><strong>conscientie</strong></span> <span class='ocrx_word' id='word_1_106' title='bbox 1416 1397 1584 1437; x_wconf 90' lang='lat' dir='ltr'><strong>tamen</strong></span> <span class='ocrx_word' id='word_1_107' title='bbox 1622 1391 1868 1437; x_wconf 82' lang='lat' dir='ltr'><strong>suadente</strong></span> <span class='ocrx_word' id='word_1_108' title='bbox 1904 1391 2134 1450; x_wconf 89' lang='lat' dir='ltr'><strong>consilio,</strong></span> <span class='ocrx_word' id='word_1_109' title='bbox 2171 1391 2220 1438; x_wconf 92' lang='lat' dir='ltr'><strong>in</strong></span> <span class='ocrx_word' id='word_1_110' title='bbox 2259 1391 2378 1439; x_wconf 91' lang='lat' dir='ltr'><strong>dicti</strong></span> <span class='ocrx_word' id='word_1_111' title='bbox 2413 1390 2622 1452; x_wconf 89' lang='lat' dir='ltr'><strong>subsidij</strong></span> <span class='ocrx_word' id='word_1_112' title='bbox 2650 1391 2982 1455; x_wconf 88' lang='lat' dir='ltr'><strong>preiudieium</strong></span> 
     </span>
     <span class='ocr_line' id='line_1_13' title="bbox 595 1470 2982 1537; baseline 0.003 -21"><span class='ocrx_word' id='word_1_113' title='bbox 595 1476 679 1516; x_wconf 92' lang='lat' dir='ltr'><strong>tue</strong></span> <span class='ocrx_word' id='word_1_114' title='bbox 727 1470 1076 1532; x_wconf 88' lang='lat' dir='ltr'><strong>postulatione</strong></span> <span class='ocrx_word' id='word_1_115' title='bbox 1120 1486 1343 1521; x_wconf 80' lang='lat' dir='ltr'><strong>annuere</strong></span> <span class='ocrx_word' id='word_1_116' title='bbox 1372 1473 1431 1521; x_wconf 49' lang='lat' dir='ltr'><strong>¹iu</strong></span> <span class='ocrx_word' id='word_1_117' title='bbox 1468 1474 1562 1521; x_wconf 86' lang='lat' dir='ltr'><strong>hac</strong></span> <span class='ocrx_word' id='word_1_118' title='bbox 1599 1483 1742 1537; x_wconf 89' lang='lat' dir='ltr'><strong>parte</strong></span> <span class='ocrx_word' id='word_1_119' title='bbox 1780 1473 2060 1536; x_wconf 90' lang='lat' dir='ltr'><strong>nequimus.</strong></span> <span class='ocrx_word' id='word_1_120' title='bbox 2158 1473 2526 1522; x_wconf 86' lang='lat' dir='ltr'><strong>Verumtamen</strong></span> <span class='ocrx_word' id='word_1_121' title='bbox 2583 1475 2635 1522; x_wconf 90' lang='lat' dir='ltr'><strong>in</strong></span> <span class='ocrx_word' id='word_1_122' title='bbox 2690 1476 2808 1524; x_wconf 90' lang='lat' dir='ltr'><strong>dieti</strong></span> <span class='ocrx_word' id='word_1_123' title='bbox 2859 1475 2982 1523; x_wconf 89' lang='lat' dir='ltr'><strong>cleri</strong></span> 
     </span>
     <span class='ocr_line' id='line_1_14' title="bbox 594 1553 2978 1621; baseline 0.004 -23"><span class='ocrx_word' id='word_1_124' title='bbox 594 1553 961 1602; x_wconf 90' lang='lat' dir='ltr'><strong>consolationis</strong></span> <span class='ocrx_word' id='word_1_125' title='bbox 998 1555 1236 1603; x_wconf 87' lang='lat' dir='ltr'><strong>solatium</strong></span> <span class='ocrx_word' id='word_1_126' title='bbox 1285 1559 1593 1618; x_wconf 86' lang='lat' dir='ltr'><strong>ordinamus,</strong></span> <span class='ocrx_word' id='word_1_127' title='bbox 1638 1566 1693 1606; x_wconf 91' lang='lat' dir='ltr'><strong>ut</strong></span> <span class='ocrx_word' id='word_1_128' title='bbox 1739 1559 1834 1621; x_wconf 90' lang='lat' dir='ltr'><strong>ipsi</strong></span> <span class='ocrx_word' id='word_1_129' title='bbox 1888 1560 2136 1607; x_wconf 88' lang='lat' dir='ltr'><strong>decimam</strong></span> <span class='ocrx_word' id='word_1_130' title='bbox 2185 1573 2320 1606; x_wconf 87' lang='lat' dir='ltr'><strong>anno</strong></span> <span class='ocrx_word' id='word_1_131' title='bbox 2369 1558 2650 1608; x_wconf 85' lang='lat' dir='ltr'><strong>sterilitatis</strong></span> <span class='ocrx_word' id='word_1_132' title='bbox 2686 1560 2978 1609; x_wconf 86' lang='lat' dir='ltr'><strong>huiusmodi</strong></span> 
     </span>
     <span class='ocr_line' id='line_1_15' title="bbox 594 1637 2980 1708; baseline 0.003 -23"><span class='ocrx_word' id='word_1_133' title='bbox 594 1652 695 1686; x_wconf 92' lang='lat' dir='ltr'><strong>non</strong></span> <span class='ocrx_word' id='word_1_134' title='bbox 732 1637 956 1686; x_wconf 90' lang='lat' dir='ltr'><strong>solutam</strong></span> <span class='ocrx_word' id='word_1_135' title='bbox 992 1646 1178 1688; x_wconf 90' lang='lat' dir='ltr'><strong>octauo</strong></span> <span class='ocrx_word' id='word_1_136' title='bbox 1215 1654 1351 1689; x_wconf 89' lang='lat' dir='ltr'><strong>anno</strong></span> <span class='ocrx_word' id='word_1_137' title='bbox 1389 1642 1700 1704; x_wconf 89' lang='lat' dir='ltr'><strong>persoluant.</strong></span> <span class='ocrx_word' id='word_1_138' title='bbox 1771 1644 1968 1691; x_wconf 91' lang='lat' dir='ltr'><strong>Datum</strong></span> <span class='ocrx_word' id='word_1_139' title='bbox 2007 1644 2170 1692; x_wconf 85' lang='lat' dir='ltr'><strong>Rome</strong></span> <span class='ocrx_word' id='word_1_140' title='bbox 2214 1645 2348 1707; x_wconf 87' lang='lat' dir='ltr'><strong>apud</strong></span> <span class='ocrx_word' id='word_1_141' title='bbox 2387 1652 2619 1693; x_wconf 88' lang='lat' dir='ltr'><strong>sanetum</strong></span> <span class='ocrx_word' id='word_1_142' title='bbox 2653 1643 2864 1693; x_wconf 88' lang='lat' dir='ltr'><strong>Petrum</strong></span> <span class='ocrx_word' id='word_1_143' title='bbox 2910 1644 2980 1708; x_wconf 86' lang='lat' dir='ltr'><strong>.ij.</strong></span> 
     </span>
    </p>
   </div>
   <div class='ocr_carea' id='block_1_3' title="bbox 594 1721 2261 1859">
    <p class='ocr_par' dir='ltr' id='par_1_3' title="bbox 594 1721 2261 1859">
     <span class='ocr_line' id='line_1_16' title="bbox 594 1721 2016 1786; baseline 0.004 -17"><span class='ocrx_word' id='word_1_144' title='bbox 594 1721 697 1770; x_wconf 86' lang='lat' dir='ltr'><strong>kal.</strong></span> <span class='ocrx_word' id='word_1_145' title='bbox 734 1722 997 1784; x_wconf 80' lang='lat' dir='ltr'><strong>Februarij</strong></span> <span class='ocrx_word' id='word_1_146' title='bbox 1038 1724 1368 1786; x_wconf 85' lang='lat' dir='ltr'><strong>pontificatus</strong></span> <span class='ocrx_word' id='word_1_147' title='bbox 1405 1727 1566 1775; x_wconf 89' lang='lat' dir='ltr'><strong>nostri</strong></span> <span class='ocrx_word' id='word_1_148' title='bbox 1602 1742 1737 1776; x_wconf 90' lang='lat' dir='ltr'><strong>anno</strong></span> <span class='ocrx_word' id='word_1_149' title='bbox 1775 1727 2016 1777; x_wconf 88' lang='lat' dir='ltr'><strong>secundo.</strong></span> 
     </span>
     <span class='ocr_line' id='line_1_17' title="bbox 1318 1807 2261 1859; baseline 0.002 -12"><span class='ocrx_word' id='word_1_150' title='bbox 1318 1807 1452 1852; x_wconf 78' lang='lat' dir='ltr'><strong>(Arch.</strong></span> <span class='ocrx_word' id='word_1_151' title='bbox 1487 1809 1566 1848; x_wconf 80' lang='lat' dir='ltr'><strong>vat.</strong></span> <span class='ocrx_word' id='word_1_152' title='bbox 1599 1811 1692 1857; x_wconf 75' lang='lat' dir='ltr'><strong>neg.</strong></span> <span class='ocrx_word' id='word_1_153' title='bbox 1721 1811 1802 1848; x_wconf 77' lang='lat' dir='ltr'><strong>Nic.</strong></span> <span class='ocrx_word' id='word_1_154' title='bbox 1835 1812 1890 1848; x_wconf 87' lang='grc' dir='ltr'><strong>ΙΙΙ.</strong></span> <span class='ocrx_word' id='word_1_155' title='bbox 1922 1820 1987 1850; x_wconf 80' lang='lat' dir='ltr'><strong>an.</strong></span> <span class='ocrx_word' id='word_1_156' title='bbox 2016 1811 2057 1850; x_wconf 90' lang='grc' dir='ltr'><strong>ΙΙ.</strong></span> <span class='ocrx_word' id='word_1_157' title='bbox 2087 1822 2148 1859; x_wconf 85' lang='lat' dir='ltr'><strong>ep.</strong></span> <span class='ocrx_word' id='word_1_158' title='bbox 2180 1807 2261 1852; x_wconf 81' lang='lat'><strong>39).</strong></span> 
     </span>
    </p>
   </div>
   <div class='ocr_carea' id='block_1_4' title="bbox 1351 2033 2231 2091">
    <p class='ocr_par' dir='ltr' id='par_1_4' title="bbox 1351 2033 2231 2091">
     <span class='ocr_line' id='line_1_18' title="bbox 1351 2033 2231 2091; baseline -0.001 -1"><span class='ocrx_word' id='word_1_159' title='bbox 1351 2037 1444 2090; x_wconf 94' lang='grc'><strong>11.</strong></span> <span class='ocrx_word' id='word_1_160' title='bbox 1538 2036 1714 2091; x_wconf 88' lang='grc'><strong>1279.</strong></span> <span class='ocrx_word' id='word_1_161' title='bbox 1805 2033 2231 2091; x_wconf 82' lang='lat' dir='ltr'><strong>31teJanuar.</strong></span> 
     </span>
    </p>
   </div>
   <div class='ocr_carea' id='block_1_5' title="bbox 591 2145 2985 3814">
    <p class='ocr_par' dir='ltr' id='par_1_5' title="bbox 591 2145 2985 3814">
     <span class='ocr_line' id='line_1_19' title="bbox 727 2145 2981 2212; baseline 0.002 -18"><span class='ocrx_word' id='word_1_162' title='bbox 727 2145 974 2195; x_wconf 86' lang='lat' dir='ltr'><strong>Nicolaus</strong></span> <span class='ocrx_word' id='word_1_163' title='bbox 1012 2149 1281 2212; x_wconf 85' lang='lat' dir='ltr'><strong>episcopus</strong></span> <span class='ocrx_word' id='word_1_164' title='bbox 1318 2163 1449 2197; x_wconf 89' lang='lat' dir='ltr'><strong>seru.</strong></span> <span class='ocrx_word' id='word_1_165' title='bbox 1488 2165 1682 2198; x_wconf 90' lang='lat' dir='ltr'><strong>seruor.</strong></span> <span class='ocrx_word' id='word_1_166' title='bbox 1714 2150 1794 2197; x_wconf 90' lang='lat' dir='ltr'><strong>dei</strong></span> <span class='ocrx_word' id='word_1_167' title='bbox 1831 2150 2065 2197; x_wconf 85' lang='lat' dir='ltr'><strong>venerab.</strong></span> <span class='ocrx_word' id='word_1_168' title='bbox 2104 2146 2248 2196; x_wconf 85' lang='lat' dir='ltr'><strong>fratri</strong></span> <span class='ocrx_word' id='word_1_169' title='bbox 2288 2184 2299 2194; x_wconf 92' lang='lat'><strong>.</strong></span> <span class='ocrx_word' id='word_1_170' title='bbox 2338 2184 2349 2195; x_wconf 97' lang='lat'><strong>.</strong></span> <span class='ocrx_word' id='word_1_171' title='bbox 2387 2148 2774 2212; x_wconf 89' lang='lat' dir='ltr'><strong>archiepiscopo</strong></span> <span class='ocrx_word' id='word_1_172' title='bbox 2799 2148 2981 2198; x_wconf 84' lang='lat' dir='ltr'><strong>Nidro-</strong></span> 
     </span>
     <span class='ocr_line' id='line_1_20' title="bbox 593 2229 2981 2296; baseline 0.002 -20"><span class='ocrx_word' id='word_1_173' title='bbox 593 2229 747 2278; x_wconf 88' lang='lat' dir='ltr'><strong>siensi</strong></span> <span class='ocrx_word' id='word_1_174' title='bbox 786 2230 940 2278; x_wconf 88' lang='lat' dir='ltr'><strong>salut.</strong></span> <span class='ocrx_word' id='word_1_175' title='bbox 979 2241 1030 2281; x_wconf 91' lang='lat' dir='ltr'><strong>et</strong></span> <span class='ocrx_word' id='word_1_176' title='bbox 1065 2234 1284 2296; x_wconf 86' lang='lat' dir='ltr'><strong>apostol.</strong></span> <span class='ocrx_word' id='word_1_177' title='bbox 1323 2234 1573 2282; x_wconf 88' lang='lat' dir='ltr'><strong>benedict.</strong></span> <span class='ocrx_word' id='word_1_178' title='bbox 1641 2235 1726 2282; x_wconf 87' lang='lat' dir='ltr'><strong>Ex</strong></span> <span class='ocrx_word' id='word_1_179' title='bbox 1762 2233 2063 2281; x_wconf 81' lang='lat' dir='ltr'><strong>transmissa</strong></span> <span class='ocrx_word' id='word_1_180' title='bbox 2098 2233 2244 2280; x_wconf 91' lang='lat' dir='ltr'><strong>nobis</strong></span> <span class='ocrx_word' id='word_1_181' title='bbox 2282 2247 2443 2295; x_wconf 90' lang='lat' dir='ltr'><strong>nuper</strong></span> <span class='ocrx_word' id='word_1_182' title='bbox 2499 2233 2800 2294; x_wconf 88' lang='lat' dir='ltr'><strong>collegimus</strong></span> <span class='ocrx_word' id='word_1_183' title='bbox 2855 2234 2981 2282; x_wconf 90' lang='lat' dir='ltr'><strong>serie</strong></span> 
     </span>
     <span class='ocr_line' id='line_1_21' title="bbox 591 2313 2979 2380; baseline 0.002 -19"><span class='ocrx_word' id='word_1_184' title='bbox 591 2313 897 2374; x_wconf 88' lang='lat' dir='ltr'><strong>litterarum,</strong></span> <span class='ocrx_word' id='word_1_185' title='bbox 924 2318 1059 2378; x_wconf 89' lang='lat' dir='ltr'><strong>quod</strong></span> <span class='ocrx_word' id='word_1_186' title='bbox 1095 2317 1262 2365; x_wconf 88' lang='lat' dir='ltr'><strong>insula</strong></span> <span class='ocrx_word' id='word_1_187' title='bbox 1296 2319 1348 2365; x_wconf 87' lang='lat' dir='ltr'><strong>in</strong></span> <span class='ocrx_word' id='word_1_188' title='bbox 1385 2333 1482 2379; x_wconf 87' lang='lat' dir='ltr'><strong>qua</strong></span> <span class='ocrx_word' id='word_1_189' title='bbox 1521 2319 1700 2366; x_wconf 88' lang='lat' dir='ltr'><strong>ciuitas</strong></span> <span class='ocrx_word' id='word_1_190' title='bbox 1721 2316 1996 2366; x_wconf 87' lang='lat' dir='ltr'><strong>Gardensis</strong></span> <span class='ocrx_word' id='word_1_191' title='bbox 2034 2317 2267 2364; x_wconf 85' lang='lat' dir='ltr'><strong>consistit</strong></span> <span class='ocrx_word' id='word_1_192' title='bbox 2301 2324 2509 2380; x_wconf 89' lang='lat' dir='ltr'><strong>propter</strong></span> <span class='ocrx_word' id='word_1_193' title='bbox 2543 2316 2789 2365; x_wconf 87' lang='lat' dir='ltr'><strong>malitiam</strong></span> <span class='ocrx_word' id='word_1_194' title='bbox 2826 2317 2979 2365; x_wconf 89' lang='lat' dir='ltr'><strong>maris</strong></span> 
     </span>
     <span class='ocr_line' id='line_1_22' title="bbox 593 2400 2980 2465; baseline -0.001 -15"><span class='ocrx_word' id='word_1_195' title='bbox 593 2400 804 2462; x_wconf 89' lang='lat' dir='ltr'><strong>Oceani,</strong></span> <span class='ocrx_word' id='word_1_196' title='bbox 840 2401 974 2450; x_wconf 88' lang='lat' dir='ltr'><strong>infra</strong></span> <span class='ocrx_word' id='word_1_197' title='bbox 1010 2403 1143 2463; x_wconf 87' lang='lat' dir='ltr'><strong>quod</strong></span> <span class='ocrx_word' id='word_1_198' title='bbox 1180 2402 1291 2465; x_wconf 89' lang='lat' dir='ltr'><strong>ipsa</strong></span> <span class='ocrx_word' id='word_1_199' title='bbox 1328 2403 1579 2460; x_wconf 87' lang='lat' dir='ltr'><strong>consistit,</strong></span> <span class='ocrx_word' id='word_1_200' title='bbox 1617 2418 1734 2451; x_wconf 92' lang='lat' dir='ltr'><strong>raro</strong></span> <span class='ocrx_word' id='word_1_201' title='bbox 1772 2401 1980 2462; x_wconf 88' lang='lat' dir='ltr'><strong>nauigio</strong></span> <span class='ocrx_word' id='word_1_202' title='bbox 2019 2400 2268 2449; x_wconf 91' lang='lat' dir='ltr'><strong>uisitatur.</strong></span> <span class='ocrx_word' id='word_1_203' title='bbox 2338 2400 2490 2449; x_wconf 90' lang='lat' dir='ltr'><strong>Vnde</strong></span> <span class='ocrx_word' id='word_1_204' title='bbox 2527 2415 2643 2449; x_wconf 90' lang='lat' dir='ltr'><strong>cum</strong></span> <span class='ocrx_word' id='word_1_205' title='bbox 2679 2413 2840 2462; x_wconf 90' lang='lat' dir='ltr'><strong>nuper</strong></span> <span class='ocrx_word' id='word_1_206' title='bbox 2875 2402 2980 2462; x_wconf 89' lang='lat' dir='ltr'><strong>qui-</strong></span> 
     </span>
     <span class='ocr_line' id='line_1_23' title="bbox 594 2485 2980 2552; baseline 0 -20"><span class='ocrx_word' id='word_1_207' title='bbox 594 2487 710 2534; x_wconf 90' lang='lat' dir='ltr'><strong>dam</strong></span> <span class='ocrx_word' id='word_1_208' title='bbox 749 2494 902 2534; x_wconf 85' lang='lat' dir='ltr'><strong>naute</strong></span> <span class='ocrx_word' id='word_1_209' title='bbox 939 2486 1004 2533; x_wconf 87' lang='lat' dir='ltr'><strong>ad</strong></span> <span class='ocrx_word' id='word_1_210' title='bbox 1040 2485 1265 2535; x_wconf 88' lang='lat' dir='ltr'><strong>eiusdem</strong></span> <span class='ocrx_word' id='word_1_211' title='bbox 1299 2487 1460 2552; x_wconf 86' lang='lat' dir='ltr'><strong>insule</strong></span> <span class='ocrx_word' id='word_1_212' title='bbox 1499 2487 1845 2535; x_wconf 91' lang='lat' dir='ltr'><strong>uisitationem</strong></span> <span class='ocrx_word' id='word_1_213' title='bbox 1881 2486 2147 2533; x_wconf 87' lang='lat' dir='ltr'><strong>tenderent</strong></span> <span class='ocrx_word' id='word_1_214' title='bbox 2181 2486 2297 2535; x_wconf 90' lang='lat' dir='ltr'><strong>uela</strong></span> <span class='ocrx_word' id='word_1_215' title='bbox 2328 2485 2379 2533; x_wconf 93' lang='lat' dir='ltr'><strong>in</strong></span> <span class='ocrx_word' id='word_1_216' title='bbox 2405 2485 2582 2543; x_wconf 87' lang='lat' dir='ltr'><strong>altum,</strong></span> <span class='ocrx_word' id='word_1_217' title='bbox 2607 2494 2661 2533; x_wconf 90' lang='lat' dir='ltr'><strong>tu</strong></span> <span class='ocrx_word' id='word_1_218' title='bbox 2693 2485 2980 2533; x_wconf 89' lang='lat' dir='ltr'><strong>huiusmodi</strong></span> 
     </span>
     <span class='ocr_line' id='line_1_24' title="bbox 593 2569 2980 2644; baseline -0 -26"><span class='ocrx_word' id='word_1_219' title='bbox 593 2570 940 2633; x_wconf 85' lang='lat' dir='ltr'><strong>oportunitate</strong></span> <span class='ocrx_word' id='word_1_220' title='bbox 977 2578 1183 2632; x_wconf 90' lang='lat' dir='ltr'><strong>captata</strong></span> <span class='ocrx_word' id='word_1_221' title='bbox 1220 2585 1367 2632; x_wconf 91' lang='lat' dir='ltr'><strong>quem</strong></span> <span class='ocrx_word' id='word_1_222' title='bbox 1405 2571 1520 2619; x_wconf 89' lang='lat' dir='ltr'><strong>dam</strong></span> <span class='ocrx_word' id='word_1_223' title='bbox 1559 2572 1835 2644; x_wconf 72' lang='lat' dir='ltr'><strong>discretum</strong></span> <span class='ocrx_word' id='word_1_224' title='bbox 1872 2571 2053 2628; x_wconf 88' lang='lat' dir='ltr'><strong>uirum,</strong></span> <span class='ocrx_word' id='word_1_225' title='bbox 2090 2569 2365 2631; x_wconf 87' lang='lat' dir='ltr'><strong>colligendi</strong></span> <span class='ocrx_word' id='word_1_226' title='bbox 2414 2569 2662 2617; x_wconf 86' lang='lat' dir='ltr'><strong>decimam</strong></span> <span class='ocrx_word' id='word_1_227' title='bbox 2711 2569 2980 2618; x_wconf 87' lang='lat' dir='ltr'><strong>commisso</strong></span> 
     </span>
     <span class='ocr_line' id='line_1_25' title="bbox 591 2652 2980 2718; baseline -0.001 -14"><span class='ocrx_word' id='word_1_228' title='bbox 591 2655 687 2704; x_wconf 89' lang='lat' dir='ltr'><strong>sibi</strong></span> <span class='ocrx_word' id='word_1_229' title='bbox 708 2652 898 2715; x_wconf 85' lang='lat' dir='ltr'><strong>officio,</strong></span> <span class='ocrx_word' id='word_1_230' title='bbox 924 2668 1039 2703; x_wconf 89' lang='lat' dir='ltr'><strong>eum</strong></span> <span class='ocrx_word' id='word_1_231' title='bbox 1072 2653 1217 2703; x_wconf 87' lang='lat' dir='ltr'><strong>dietis</strong></span> <span class='ocrx_word' id='word_1_232' title='bbox 1250 2656 1417 2704; x_wconf 88' lang='lat' dir='ltr'><strong>nautis</strong></span> <span class='ocrx_word' id='word_1_233' title='bbox 1437 2656 1502 2704; x_wconf 90' lang='lat' dir='ltr'><strong>ad</strong></span> <span class='ocrx_word' id='word_1_234' title='bbox 1538 2655 1801 2704; x_wconf 87' lang='lat' dir='ltr'><strong>ciuitatem</strong></span> <span class='ocrx_word' id='word_1_235' title='bbox 1841 2653 2165 2703; x_wconf 89' lang='lat' dir='ltr'><strong>transmisisti</strong></span> <span class='ocrx_word' id='word_1_236' title='bbox 2203 2654 2432 2713; x_wconf 88' lang='lat' dir='ltr'><strong>eandem,</strong></span> <span class='ocrx_word' id='word_1_237' title='bbox 2471 2663 2522 2702; x_wconf 91' lang='lat' dir='ltr'><strong>et</strong></span> <span class='ocrx_word' id='word_1_238' title='bbox 2557 2654 2650 2703; x_wconf 92' lang='lat' dir='ltr'><strong>sub</strong></span> <span class='ocrx_word' id='word_1_239' title='bbox 2686 2668 2775 2718; x_wconf 90' lang='lat' dir='ltr'><strong>spe</strong></span> <span class='ocrx_word' id='word_1_240' title='bbox 2810 2660 2980 2703; x_wconf 90' lang='lat' dir='ltr'><strong>nostre</strong></span> 
     </span>
     <span class='ocr_line' id='line_1_26' title="bbox 592 2738 2981 2801; baseline -0.001 -13"><span class='ocrx_word' id='word_1_241' title='bbox 592 2739 945 2788; x_wconf 89' lang='lat' dir='ltr'><strong>ratificationis</strong></span> <span class='ocrx_word' id='word_1_242' title='bbox 983 2741 1280 2788; x_wconf 87' lang='lat' dir='ltr'><strong>concessisti</strong></span> <span class='ocrx_word' id='word_1_243' title='bbox 1318 2740 1480 2789; x_wconf 88' lang='lat' dir='ltr'><strong>eidem</strong></span> <span class='ocrx_word' id='word_1_244' title='bbox 1518 2747 1576 2789; x_wconf 94' lang='lat' dir='ltr'><strong>ut</strong></span> <span class='ocrx_word' id='word_1_245' title='bbox 1611 2740 1826 2787; x_wconf 89' lang='lat' dir='ltr'><strong>clericos</strong></span> <span class='ocrx_word' id='word_1_246' title='bbox 1864 2738 1928 2787; x_wconf 92' lang='lat' dir='ltr'><strong>ab</strong></span> <span class='ocrx_word' id='word_1_247' title='bbox 1964 2738 2506 2787; x_wconf 87' lang='lat' dir='ltr'><strong>excommunicationis</strong></span> <span class='ocrx_word' id='word_1_248' title='bbox 2544 2740 2810 2799; x_wconf 85' lang='lat' dir='ltr'><strong>sententia,</strong></span> <span class='ocrx_word' id='word_1_249' title='bbox 2831 2754 2981 2801; x_wconf 88' lang='lat' dir='ltr'><strong>quam</strong></span> 
     </span>
     <span class='ocr_line' id='line_1_27' title="bbox 592 2823 2982 2888; baseline -0.002 -14"><span class='ocrx_word' id='word_1_250' title='bbox 592 2840 684 2888; x_wconf 85' lang='lat' dir='ltr'><strong>pro</strong></span> <span class='ocrx_word' id='word_1_251' title='bbox 721 2840 784 2874; x_wconf 92' lang='lat' dir='ltr'><strong>eo</strong></span> <span class='ocrx_word' id='word_1_252' title='bbox 821 2825 958 2887; x_wconf 91' lang='lat' dir='ltr'><strong>quod</strong></span> <span class='ocrx_word' id='word_1_253' title='bbox 991 2824 1279 2873; x_wconf 90' lang='lat' dir='ltr'><strong>huiusmodi</strong></span> <span class='ocrx_word' id='word_1_254' title='bbox 1318 2826 1566 2872; x_wconf 87' lang='lat' dir='ltr'><strong>decimam</strong></span> <span class='ocrx_word' id='word_1_255' title='bbox 1603 2825 1655 2872; x_wconf 91' lang='lat' dir='ltr'><strong>in</strong></span> <span class='ocrx_word' id='word_1_256' title='bbox 1693 2824 1901 2872; x_wconf 89' lang='lat' dir='ltr'><strong>statutis</strong></span> <span class='ocrx_word' id='word_1_257' title='bbox 1949 2838 2101 2886; x_wconf 90' lang='lat' dir='ltr'><strong>super</strong></span> <span class='ocrx_word' id='word_1_258' title='bbox 2153 2824 2249 2872; x_wconf 92' lang='lat' dir='ltr'><strong>hoc</strong></span> <span class='ocrx_word' id='word_1_259' title='bbox 2296 2823 2528 2872; x_wconf 91' lang='lat' dir='ltr'><strong>terminis</strong></span> <span class='ocrx_word' id='word_1_260' title='bbox 2577 2838 2682 2872; x_wconf 91' lang='lat' dir='ltr'><strong>non</strong></span> <span class='ocrx_word' id='word_1_261' title='bbox 2719 2823 2982 2872; x_wconf 88' lang='lat' dir='ltr'><strong>soluerunt</strong></span> 
     </span>
     <span class='ocr_line' id='line_1_28' title="bbox 592 2907 2980 2972; baseline -0.001 -15"><span class='ocrx_word' id='word_1_262' title='bbox 592 2910 910 2957; x_wconf 86' lang='lat' dir='ltr'><strong>incurrerant</strong></span> <span class='ocrx_word' id='word_1_263' title='bbox 945 2908 1249 2969; x_wconf 88' lang='lat' dir='ltr'><strong>absolueret,</strong></span> <span class='ocrx_word' id='word_1_264' title='bbox 1287 2916 1338 2957; x_wconf 90' lang='lat' dir='ltr'><strong>et</strong></span> <span class='ocrx_word' id='word_1_265' title='bbox 1372 2924 1486 2957; x_wconf 90' lang='lat' dir='ltr'><strong>cum</strong></span> <span class='ocrx_word' id='word_1_266' title='bbox 1515 2909 1583 2956; x_wconf 88' lang='lat' dir='ltr'><strong>eis</strong></span> <span class='ocrx_word' id='word_1_267' title='bbox 1611 2909 1930 2971; x_wconf 86' lang='lat' dir='ltr'><strong>dispensaret</strong></span> <span class='ocrx_word' id='word_1_268' title='bbox 1954 2922 2106 2972; x_wconf 89' lang='lat' dir='ltr'><strong>super</strong></span> <span class='ocrx_word' id='word_1_269' title='bbox 2130 2907 2520 2969; x_wconf 88' lang='lat' dir='ltr'><strong>irregularitate,</strong></span> <span class='ocrx_word' id='word_1_270' title='bbox 2546 2907 2743 2970; x_wconf 89' lang='lat' dir='ltr'><strong>siquam</strong></span> <span class='ocrx_word' id='word_1_271' title='bbox 2769 2907 2980 2971; x_wconf 86' lang='lat' dir='ltr'><strong>proinde</strong></span> 
     </span>
     <span class='ocr_line' id='line_1_29' title="bbox 593 2990 2981 3055; baseline -0.001 -14"><span class='ocrx_word' id='word_1_272' title='bbox 593 2992 809 3041; x_wconf 87' lang='lat' dir='ltr'><strong>forsitan</strong></span> <span class='ocrx_word' id='word_1_273' title='bbox 833 3000 1216 3042; x_wconf 86' lang='lat' dir='ltr'><strong>contraxerunt.</strong></span> <span class='ocrx_word' id='word_1_274' title='bbox 1290 2991 1463 3051; x_wconf 86' lang='lat' dir='ltr'><strong>Quare</strong></span> <span class='ocrx_word' id='word_1_275' title='bbox 1499 3008 1529 3041; x_wconf 89' lang='lat' dir='ltr'><strong>a</strong></span> <span class='ocrx_word' id='word_1_276' title='bbox 1565 2993 1711 3041; x_wconf 91' lang='lat' dir='ltr'><strong>nobis</strong></span> <span class='ocrx_word' id='word_1_277' title='bbox 1749 2993 2009 3041; x_wconf 87' lang='lat' dir='ltr'><strong>humiliter</strong></span> <span class='ocrx_word' id='word_1_278' title='bbox 2046 2992 2317 3055; x_wconf 88' lang='lat' dir='ltr'><strong>postulasti</strong></span> <span class='ocrx_word' id='word_1_279' title='bbox 2353 3001 2411 3039; x_wconf 92' lang='lat' dir='ltr'><strong>ut</strong></span> <span class='ocrx_word' id='word_1_280' title='bbox 2446 2992 2696 3040; x_wconf 87' lang='lat' dir='ltr'><strong>ratificare</strong></span> <span class='ocrx_word' id='word_1_281' title='bbox 2716 2990 2981 3052; x_wconf 84' lang='lat' dir='ltr'><strong>benignius</strong></span> 
     </span>
     <span class='ocr_line' id='line_1_30' title="bbox 594 3075 2982 3140; baseline -0.002 -15"><span class='ocrx_word' id='word_1_282' title='bbox 594 3079 937 3139; x_wconf 87' lang='lat' dir='ltr'><strong>dignaremur.</strong></span> <span class='ocrx_word' id='word_1_283' title='bbox 1027 3076 1158 3127; x_wconf 87' lang='lat' dir='ltr'><strong>Cum</strong></span> <span class='ocrx_word' id='word_1_284' title='bbox 1214 3077 1382 3139; x_wconf 91' lang='lat' dir='ltr'><strong>itaque</strong></span> <span class='ocrx_word' id='word_1_285' title='bbox 1436 3078 1724 3126; x_wconf 84' lang='lat' dir='ltr'><strong>huiusmodi</strong></span> <span class='ocrx_word' id='word_1_286' title='bbox 1774 3076 2129 3140; x_wconf 83' lang='lat' dir='ltr'><strong>postulationi,</strong></span> <span class='ocrx_word' id='word_1_287' title='bbox 2167 3085 2344 3139; x_wconf 82' lang='lat' dir='ltr'><strong>utpote</strong></span> <span class='ocrx_word' id='word_1_288' title='bbox 2388 3091 2483 3139; x_wconf 92' lang='lat' dir='ltr'><strong>que</strong></span> <span class='ocrx_word' id='word_1_289' title='bbox 2534 3075 2744 3123; x_wconf 90' lang='lat' dir='ltr'><strong>rationis</strong></span> <span class='ocrx_word' id='word_1_290' title='bbox 2793 3075 2982 3122; x_wconf 89' lang='lat' dir='ltr'><strong>viribus</strong></span> 
     </span>
     <span class='ocr_line' id='line_1_31' title="bbox 594 3159 2983 3225; baseline -0.002 -16"><span class='ocrx_word' id='word_1_291' title='bbox 594 3162 814 3223; x_wconf 87' lang='lat' dir='ltr'><strong>iuuatur,</strong></span> <span class='ocrx_word' id='word_1_292' title='bbox 835 3177 937 3211; x_wconf 89' lang='lat' dir='ltr'><strong>non</strong></span> <span class='ocrx_word' id='word_1_293' title='bbox 961 3163 1281 3224; x_wconf 88' lang='lat' dir='ltr'><strong>acquiescere</strong></span> <span class='ocrx_word' id='word_1_294' title='bbox 1305 3160 1660 3211; x_wconf 85' lang='lat' dir='ltr'><strong>fauorabiliter</strong></span> <span class='ocrx_word' id='word_1_295' title='bbox 1682 3176 2009 3224; x_wconf 89' lang='lat' dir='ltr'><strong>nequeamus,</strong></span> <span class='ocrx_word' id='word_1_296' title='bbox 2037 3176 2097 3210; x_wconf 87' lang='lat' dir='ltr'><strong>ac</strong></span> <span class='ocrx_word' id='word_1_297' title='bbox 2132 3168 2344 3225; x_wconf 90' lang='lat' dir='ltr'><strong>propter</strong></span> <span class='ocrx_word' id='word_1_298' title='bbox 2379 3160 2478 3206; x_wconf 89' lang='lat' dir='ltr'><strong>hoc</strong></span> <span class='ocrx_word' id='word_1_299' title='bbox 2515 3160 2774 3222; x_wconf 86' lang='lat' dir='ltr'><strong>cupientes</strong></span> <span class='ocrx_word' id='word_1_300' title='bbox 2812 3159 2983 3207; x_wconf 89' lang='lat' dir='ltr'><strong>huius-</strong></span> 
     </span>
     <span class='ocr_line' id='line_1_32' title="bbox 594 3245 2982 3308; baseline -0.002 -14"><span class='ocrx_word' id='word_1_301' title='bbox 594 3247 726 3296; x_wconf 89' lang='lat' dir='ltr'><strong>modi</strong></span> <span class='ocrx_word' id='word_1_302' title='bbox 766 3248 865 3295; x_wconf 89' lang='lat' dir='ltr'><strong>tuis</strong></span> <span class='ocrx_word' id='word_1_303' title='bbox 904 3245 1169 3307; x_wconf 88' lang='lat' dir='ltr'><strong>desiderijs</strong></span> <span class='ocrx_word' id='word_1_304' title='bbox 1206 3260 1433 3294; x_wconf 90' lang='lat' dir='ltr'><strong>annuere</strong></span> <span class='ocrx_word' id='word_1_305' title='bbox 1481 3254 1532 3294; x_wconf 89' lang='lat' dir='ltr'><strong>et</strong></span> <span class='ocrx_word' id='word_1_306' title='bbox 1577 3247 1860 3295; x_wconf 90' lang='lat' dir='ltr'><strong>animarum</strong></span> <span class='ocrx_word' id='word_1_307' title='bbox 1914 3246 2150 3308; x_wconf 88' lang='lat' dir='ltr'><strong>perieulis</strong></span> <span class='ocrx_word' id='word_1_308' title='bbox 2205 3257 2294 3307; x_wconf 89' lang='lat' dir='ltr'><strong>per</strong></span> <span class='ocrx_word' id='word_1_309' title='bbox 2346 3257 2662 3304; x_wconf 89' lang='lat' dir='ltr'><strong>consequens</strong></span> <span class='ocrx_word' id='word_1_310' title='bbox 2718 3257 2982 3291; x_wconf 90' lang='lat' dir='ltr'><strong>occurrere</strong></span> 
     </span>
     <span class='ocr_line' id='line_1_33' title="bbox 593 3327 2983 3392; baseline -0.001 -15"><span class='ocrx_word' id='word_1_311' title='bbox 593 3332 898 3392; x_wconf 87' lang='lat' dir='ltr'><strong>prouisionis</strong></span> <span class='ocrx_word' id='word_1_312' title='bbox 936 3332 1158 3379; x_wconf 89' lang='lat' dir='ltr'><strong>remedio</strong></span> <span class='ocrx_word' id='word_1_313' title='bbox 1196 3330 1449 3389; x_wconf 85' lang='lat' dir='ltr'><strong>salutaris,</strong></span> <span class='ocrx_word' id='word_1_314' title='bbox 1486 3332 1798 3392; x_wconf 87' lang='lat' dir='ltr'><strong>presentium</strong></span> <span class='ocrx_word' id='word_1_315' title='bbox 1838 3330 1924 3378; x_wconf 89' lang='lat' dir='ltr'><strong>tibi</strong></span> <span class='ocrx_word' id='word_1_316' title='bbox 1963 3329 2267 3378; x_wconf 88' lang='lat' dir='ltr'><strong>auctoritate</strong></span> <span class='ocrx_word' id='word_1_317' title='bbox 2304 3328 2681 3386; x_wconf 88' lang='lat' dir='ltr'><strong>committimus,</strong></span> <span class='ocrx_word' id='word_1_318' title='bbox 2712 3334 2770 3374; x_wconf 91' lang='lat' dir='ltr'><strong>ut</strong></span> <span class='ocrx_word' id='word_1_319' title='bbox 2815 3327 2983 3375; x_wconf 89' lang='lat' dir='ltr'><strong>absol-</strong></span> 
     </span>
     <span class='ocr_line' id='line_1_34' title="bbox 595 3411 2985 3478; baseline -0.002 -16"><span class='ocrx_word' id='word_1_320' title='bbox 595 3416 744 3463; x_wconf 91' lang='lat' dir='ltr'><strong>uendi</strong></span> <span class='ocrx_word' id='word_1_321' title='bbox 783 3415 997 3463; x_wconf 85' lang='lat' dir='ltr'><strong>clericos</strong></span> <span class='ocrx_word' id='word_1_322' title='bbox 1036 3424 1137 3463; x_wconf 89' lang='lat' dir='ltr'><strong>tam</strong></span> <span class='ocrx_word' id='word_1_323' title='bbox 1176 3416 1229 3462; x_wconf 89' lang='lat' dir='ltr'><strong>in</strong></span> <span class='ocrx_word' id='word_1_324' title='bbox 1264 3416 1494 3478; x_wconf 89' lang='lat' dir='ltr'><strong>predicta</strong></span> <span class='ocrx_word' id='word_1_325' title='bbox 1532 3428 1682 3476; x_wconf 91' lang='lat' dir='ltr'><strong>quam</strong></span> <span class='ocrx_word' id='word_1_326' title='bbox 1720 3413 1836 3475; x_wconf 87' lang='lat' dir='ltr'><strong>alijs</strong></span> <span class='ocrx_word' id='word_1_327' title='bbox 1883 3414 2060 3462; x_wconf 90' lang='lat' dir='ltr'><strong>insulis</strong></span> <span class='ocrx_word' id='word_1_328' title='bbox 2117 3413 2270 3461; x_wconf 89' lang='lat' dir='ltr'><strong>maris</strong></span> <span class='ocrx_word' id='word_1_329' title='bbox 2332 3411 2560 3459; x_wconf 91' lang='lat' dir='ltr'><strong>eiusdem</strong></span> <span class='ocrx_word' id='word_1_330' title='bbox 2613 3412 2918 3459; x_wconf 87' lang='lat' dir='ltr'><strong>constitutos</strong></span> <span class='ocrx_word' id='word_1_331' title='bbox 2953 3424 2985 3458; x_wconf 87' lang='lat' dir='ltr'><strong>a</strong></span> 
     </span>
     <span class='ocr_line' id='line_1_35' title="bbox 595 3495 2983 3563; baseline -0.002 -16"><span class='ocrx_word' id='word_1_332' title='bbox 595 3500 826 3563; x_wconf 89' lang='lat' dir='ltr'><strong>predicta</strong></span> <span class='ocrx_word' id='word_1_333' title='bbox 862 3500 1112 3548; x_wconf 90' lang='lat' dir='ltr'><strong>sententia</strong></span> <span class='ocrx_word' id='word_1_334' title='bbox 1154 3501 1300 3548; x_wconf 87' lang='lat' dir='ltr'><strong>iuxta</strong></span> <span class='ocrx_word' id='word_1_335' title='bbox 1334 3497 1553 3548; x_wconf 87' lang='lat' dir='ltr'><strong>formam</strong></span> <span class='ocrx_word' id='word_1_336' title='bbox 1591 3497 1821 3556; x_wconf 86' lang='lat' dir='ltr'><strong>ecclesie,</strong></span> <span class='ocrx_word' id='word_1_337' title='bbox 1860 3505 1912 3546; x_wconf 86' lang='lat' dir='ltr'><strong>et</strong></span> <span class='ocrx_word' id='word_1_338' title='bbox 1948 3497 2270 3562; x_wconf 89' lang='lat' dir='ltr'><strong>dispensandi</strong></span> <span class='ocrx_word' id='word_1_339' title='bbox 2307 3511 2422 3544; x_wconf 86' lang='lat' dir='ltr'><strong>cum</strong></span> <span class='ocrx_word' id='word_1_340' title='bbox 2467 3496 2539 3543; x_wconf 88' lang='lat' dir='ltr'><strong>eis</strong></span> <span class='ocrx_word' id='word_1_341' title='bbox 2588 3509 2741 3558; x_wconf 89' lang='lat' dir='ltr'><strong>super</strong></span> <span class='ocrx_word' id='word_1_342' title='bbox 2791 3495 2983 3557; x_wconf 87' lang='lat' dir='ltr'><strong>irregu-</strong></span> 
     </span>
     <span class='ocr_line' id='line_1_36' title="bbox 592 3572 2984 3644; baseline -0.003 -13"><span class='ocrx_word' id='word_1_343' title='bbox 592 3584 796 3632; x_wconf 85' lang='lat' dir='ltr'><strong>laritate</strong></span> <span class='ocrx_word' id='word_1_344' title='bbox 832 3583 1124 3631; x_wconf 89' lang='lat' dir='ltr'><strong>huiusmodi</strong></span> <span class='ocrx_word' id='word_1_345' title='bbox 1161 3584 1318 3632; x_wconf 87' lang='lat' dir='ltr'><strong>libere</strong></span> <span class='ocrx_word' id='word_1_346' title='bbox 1355 3585 1670 3631; x_wconf 87' lang='lat' dir='ltr'><strong>committere</strong></span> <span class='ocrx_word' id='word_1_347' title='bbox 1709 3582 1883 3631; x_wconf 85' lang='lat' dir='ltr'><strong>ualeas</strong></span> <span class='ocrx_word' id='word_1_348' title='bbox 1911 3572 2138 3632; x_wconf 85' lang='lat' dir='ltr'><strong>officium</strong></span> <span class='ocrx_word' id='word_1_349' title='bbox 2156 3581 2277 3643; x_wconf 88' lang='lat' dir='ltr'><strong>hijs,</strong></span> <span class='ocrx_word' id='word_1_350' title='bbox 2298 3596 2423 3643; x_wconf 89' lang='lat' dir='ltr'><strong>quos</strong></span> <span class='ocrx_word' id='word_1_351' title='bbox 2445 3585 2654 3644; x_wconf 86' lang='lat' dir='ltr'><strong>propter</strong></span> <span class='ocrx_word' id='word_1_352' title='bbox 2672 3577 2984 3628; x_wconf 88' lang='lat' dir='ltr'><strong>collectionis</strong></span> 
     </span>
     <span class='ocr_line' id='line_1_37' title="bbox 592 3662 2983 3729; baseline -0.003 -13"><span class='ocrx_word' id='word_1_353' title='bbox 592 3669 929 3717; x_wconf 88' lang='lat' dir='ltr'><strong>ministerium</strong></span> <span class='ocrx_word' id='word_1_354' title='bbox 966 3667 1030 3715; x_wconf 86' lang='lat' dir='ltr'><strong>ad</strong></span> <span class='ocrx_word' id='word_1_355' title='bbox 1068 3667 1322 3729; x_wconf 88' lang='lat' dir='ltr'><strong>predictas</strong></span> <span class='ocrx_word' id='word_1_356' title='bbox 1359 3667 1549 3715; x_wconf 91' lang='lat' dir='ltr'><strong>insulas</strong></span> <span class='ocrx_word' id='word_1_357' title='bbox 1587 3666 1856 3715; x_wconf 88' lang='lat' dir='ltr'><strong>destinasti</strong></span> <span class='ocrx_word' id='word_1_358' title='bbox 1894 3667 1975 3715; x_wconf 92' lang='lat' dir='ltr'><strong>uel</strong></span> <span class='ocrx_word' id='word_1_359' title='bbox 2011 3666 2225 3715; x_wconf 87' lang='lat' dir='ltr'><strong>forsitan</strong></span> <span class='ocrx_word' id='word_1_360' title='bbox 2271 3665 2323 3713; x_wconf 90' lang='lat' dir='ltr'><strong>in</strong></span> <span class='ocrx_word' id='word_1_361' title='bbox 2375 3672 2638 3729; x_wconf 87' lang='lat' dir='ltr'><strong>posterum</strong></span> <span class='ocrx_word' id='word_1_362' title='bbox 2691 3662 2983 3712; x_wconf 83' lang='lat' dir='ltr'><strong>destinabis.</strong></span> 
     </span>
     <span class='ocr_line' id='line_1_38' title="bbox 591 3749 2982 3814; baseline -0.002 -15"><span class='ocrx_word' id='word_1_363' title='bbox 591 3752 787 3800; x_wconf 89' lang='lat' dir='ltr'><strong>Datum</strong></span> <span class='ocrx_word' id='word_1_364' title='bbox 821 3751 985 3800; x_wconf 86' lang='lat' dir='ltr'><strong>Rome</strong></span> <span class='ocrx_word' id='word_1_365' title='bbox 1021 3752 1157 3813; x_wconf 85' lang='lat' dir='ltr'><strong>apud</strong></span> <span class='ocrx_word' id='word_1_366' title='bbox 1193 3760 1427 3800; x_wconf 90' lang='lat' dir='ltr'><strong>sanctum</strong></span> <span class='ocrx_word' id='word_1_367' title='bbox 1463 3750 1670 3799; x_wconf 87' lang='lat' dir='ltr'><strong>Petrum</strong></span> <span class='ocrx_word' id='word_1_368' title='bbox 1709 3749 1780 3812; x_wconf 86' lang='lat' dir='ltr'><strong>.ij.</strong></span> <span class='ocrx_word' id='word_1_369' title='bbox 1819 3750 1922 3798; x_wconf 87' lang='lat' dir='ltr'><strong>kal.</strong></span> <span class='ocrx_word' id='word_1_370' title='bbox 1957 3750 2224 3811; x_wconf 82' lang='lat' dir='ltr'><strong>Februarij</strong></span> <span class='ocrx_word' id='word_1_371' title='bbox 2265 3749 2594 3814; x_wconf 87' lang='lat' dir='ltr'><strong>pontificatus</strong></span> <span class='ocrx_word' id='word_1_372' title='bbox 2642 3750 2804 3797; x_wconf 89' lang='lat' dir='ltr'><strong>nostri</strong></span> <span class='ocrx_word' id='word_1_373' title='bbox 2849 3761 2982 3796; x_wconf 88' lang='lat' dir='ltr'><strong>anno</strong></span> 
     </span>
    </p>
   </div>
   <div class='ocr_carea' id='block_1_6' title="bbox 592 3836 2265 3965">
    <p class='ocr_par' dir='ltr' id='par_1_6' title="bbox 592 3836 2265 3965">
     <span class='ocr_line' id='line_1_39' title="bbox 592 3836 834 3885; baseline -0.004 -1"><span class='ocrx_word' id='word_1_374' title='bbox 592 3836 834 3885; x_wconf 86' lang='lat' dir='ltr'><strong>seeundo.</strong></span> 
     </span>
     <span class='ocr_line' id='line_1_40' title="bbox 1310 3913 2265 3965; baseline -0.001 -10"><span class='ocrx_word' id='word_1_375' title='bbox 1310 3916 1444 3961; x_wconf 82' lang='lat' dir='ltr'><strong>(Arch.</strong></span> <span class='ocrx_word' id='word_1_376' title='bbox 1475 3918 1559 3955; x_wconf 80' lang='lat' dir='ltr'><strong>Vat.</strong></span> <span class='ocrx_word' id='word_1_377' title='bbox 1592 3917 1684 3964; x_wconf 82' lang='lat' dir='ltr'><strong>Reg.</strong></span> <span class='ocrx_word' id='word_1_378' title='bbox 1717 3917 1799 3956; x_wconf 84' lang='lat' dir='ltr'><strong>Nic.</strong></span> <span class='ocrx_word' id='word_1_379' title='bbox 1828 3917 1888 3956; x_wconf 94' lang='grc' dir='ltr'><strong>ΙΙΙ.</strong></span> <span class='ocrx_word' id='word_1_380' title='bbox 1918 3928 1984 3955; x_wconf 82' lang='lat' dir='ltr'><strong>an.</strong></span> <span class='ocrx_word' id='word_1_381' title='bbox 2018 3917 2062 3954; x_wconf 91' lang='grc' dir='ltr'><strong>ΙΙ.</strong></span> <span class='ocrx_word' id='word_1_382' title='bbox 2092 3927 2155 3965; x_wconf 87' lang='lat' dir='ltr'><strong>ep.</strong></span> <span class='ocrx_word' id='word_1_383' title='bbox 2186 3913 2265 3958; x_wconf 82' lang='lat'><strong>39).</strong></span> 
     </span>
    </p>
   </div>
   <div class='ocr_carea' id='block_1_7' title="bbox 1346 4140 2230 4221">
    <p class='ocr_par' dir='ltr' id='par_1_7' title="bbox 1346 4140 2230 4221">
     <span class='ocr_line' id='line_1_41' title="bbox 1346 4140 2230 4221; baseline 0.001 -24"><span class='ocrx_word' id='word_1_384' title='bbox 1346 4142 1439 4198; x_wconf 88' lang='grc'><strong>12.</strong></span> <span class='ocrx_word' id='word_1_385' title='bbox 1533 4142 1711 4199; x_wconf 89' lang='grc'><strong>1279.</strong></span> <span class='ocrx_word' id='word_1_386' title='bbox 1804 4141 1943 4198; x_wconf 79' lang='lat' dir='ltr'><strong>31te</strong></span> <span class='ocrx_word' id='word_1_387' title='bbox 1985 4140 2230 4221; x_wconf 81' lang='lat' dir='ltr'><strong>Januar.</strong></span> 
     </span>
    </p>
   </div>
   <div class='ocr_carea' id='block_1_8' title="bbox 595 4251 2986 4740">
    <p class='ocr_par' dir='ltr' id='par_1_8' title="bbox 595 4251 2986 4740">
     <span class='ocr_line' id='line_1_42' title="bbox 730 4251 2985 4319; baseline -0.001 -15"><span class='ocrx_word' id='word_1_388' title='bbox 730 4254 975 4304; x_wconf 87' lang='lat' dir='ltr'><strong>Nicolaus</strong></span> <span class='ocrx_word' id='word_1_389' title='bbox 1012 4255 1283 4319; x_wconf 90' lang='lat' dir='ltr'><strong>episeopus</strong></span> <span class='ocrx_word' id='word_1_390' title='bbox 1322 4269 1453 4303; x_wconf 84' lang='lat' dir='ltr'><strong>seru.</strong></span> <span class='ocrx_word' id='word_1_391' title='bbox 1492 4269 1682 4304; x_wconf 85' lang='lat' dir='ltr'><strong>seruor.</strong></span> <span class='ocrx_word' id='word_1_392' title='bbox 1722 4255 1802 4304; x_wconf 90' lang='lat' dir='ltr'><strong>dei</strong></span> <span class='ocrx_word' id='word_1_393' title='bbox 1840 4256 2075 4304; x_wconf 87' lang='lat' dir='ltr'><strong>venerab.</strong></span> <span class='ocrx_word' id='word_1_394' title='bbox 2128 4255 2271 4304; x_wconf 88' lang='lat' dir='ltr'><strong>fratri</strong></span> <span class='ocrx_word' id='word_1_395' title='bbox 2328 4291 2340 4303; x_wconf 91' lang='lat'><strong>.</strong></span> <span class='ocrx_word' id='word_1_396' title='bbox 2397 4291 2408 4303; x_wconf 94' lang='lat'><strong>.</strong></span> <span class='ocrx_word' id='word_1_397' title='bbox 2464 4253 2849 4316; x_wconf 87' lang='lat' dir='ltr'><strong>archiepiscopo</strong></span> <span class='ocrx_word' id='word_1_398' title='bbox 2895 4251 2985 4302; x_wconf 86' lang='lat' dir='ltr'><strong>Ni-</strong></span> 
     </span>
     <span class='ocr_line' id='line_1_43' title="bbox 595 4338 2984 4403; baseline -0.002 -14"><span class='ocrx_word' id='word_1_399' title='bbox 595 4341 839 4389; x_wconf 86' lang='lat' dir='ltr'><strong>drosiensi</strong></span> <span class='ocrx_word' id='word_1_400' title='bbox 881 4339 1032 4388; x_wconf 89' lang='lat' dir='ltr'><strong>salut.</strong></span> <span class='ocrx_word' id='word_1_401' title='bbox 1071 4349 1122 4387; x_wconf 90' lang='lat' dir='ltr'><strong>et</strong></span> <span class='ocrx_word' id='word_1_402' title='bbox 1157 4340 1376 4403; x_wconf 88' lang='lat' dir='ltr'><strong>apostol.</strong></span> <span class='ocrx_word' id='word_1_403' title='bbox 1413 4340 1662 4388; x_wconf 82' lang='lat' dir='ltr'><strong>benedict.</strong></span> <span class='ocrx_word' id='word_1_404' title='bbox 1736 4338 2040 4388; x_wconf 89' lang='lat' dir='ltr'><strong>Presentata</strong></span> <span class='ocrx_word' id='word_1_405' title='bbox 2075 4340 2223 4389; x_wconf 91' lang='lat' dir='ltr'><strong>nobis</strong></span> <span class='ocrx_word' id='word_1_406' title='bbox 2260 4354 2422 4403; x_wconf 87' lang='lat' dir='ltr'><strong>nuper</strong></span> <span class='ocrx_word' id='word_1_407' title='bbox 2459 4348 2662 4387; x_wconf 76' lang='lat' dir='ltr'><strong>tuarum</strong></span> <span class='ocrx_word' id='word_1_408' title='bbox 2703 4338 2984 4386; x_wconf 89' lang='lat' dir='ltr'><strong>litterarum</strong></span> 
     </span>
     <span class='ocr_line' id='line_1_44' title="bbox 595 4422 2984 4487; baseline -0.001 -15"><span class='ocrx_word' id='word_1_409' title='bbox 595 4424 750 4473; x_wconf 90' lang='lat' dir='ltr'><strong>series</strong></span> <span class='ocrx_word' id='word_1_410' title='bbox 788 4424 1102 4483; x_wconf 85' lang='lat' dir='ltr'><strong>continebat,</strong></span> <span class='ocrx_word' id='word_1_411' title='bbox 1141 4425 1276 4487; x_wconf 89' lang='lat' dir='ltr'><strong>quod</strong></span> <span class='ocrx_word' id='word_1_412' title='bbox 1314 4424 1509 4472; x_wconf 87' lang='lat' dir='ltr'><strong>usualis</strong></span> <span class='ocrx_word' id='word_1_413' title='bbox 1546 4432 1754 4472; x_wconf 90' lang='lat' dir='ltr'><strong>moneta</strong></span> <span class='ocrx_word' id='word_1_414' title='bbox 1789 4425 1932 4486; x_wconf 90' lang='lat' dir='ltr'><strong>regni</strong></span> <span class='ocrx_word' id='word_1_415' title='bbox 1967 4424 2235 4487; x_wconf 89' lang='lat' dir='ltr'><strong>Norwegic</strong></span> <span class='ocrx_word' id='word_1_416' title='bbox 2274 4425 2403 4473; x_wconf 89' lang='lat' dir='ltr'><strong>adeo</strong></span> <span class='ocrx_word' id='word_1_417' title='bbox 2432 4424 2548 4472; x_wconf 90' lang='lat' dir='ltr'><strong>uilis</strong></span> <span class='ocrx_word' id='word_1_418' title='bbox 2574 4423 2765 4472; x_wconf 90' lang='lat' dir='ltr'><strong>ualoris</strong></span> <span class='ocrx_word' id='word_1_419' title='bbox 2792 4422 2984 4481; x_wconf 84' lang='lat' dir='ltr'><strong>existit,</strong></span> 
     </span>
     <span class='ocr_line' id='line_1_45' title="bbox 595 4508 2986 4571; baseline -0.001 -15"><span class='ocrx_word' id='word_1_420' title='bbox 595 4510 730 4570; x_wconf 90' lang='lat' dir='ltr'><strong>quod</strong></span> <span class='ocrx_word' id='word_1_421' title='bbox 767 4524 866 4557; x_wconf 89' lang='lat' dir='ltr'><strong>non</strong></span> <span class='ocrx_word' id='word_1_422' title='bbox 905 4508 1071 4556; x_wconf 89' lang='lat' dir='ltr'><strong>solum</strong></span> <span class='ocrx_word' id='word_1_423' title='bbox 1098 4518 1246 4557; x_wconf 89' lang='lat' dir='ltr'><strong>extra</strong></span> <span class='ocrx_word' id='word_1_424' title='bbox 1282 4523 1493 4571; x_wconf 89' lang='lat' dir='ltr'><strong>regnum</strong></span> <span class='ocrx_word' id='word_1_425' title='bbox 1530 4508 1695 4570; x_wconf 89' lang='lat' dir='ltr'><strong>ipsum</strong></span> <span class='ocrx_word' id='word_1_426' title='bbox 1751 4523 1855 4557; x_wconf 91' lang='lat' dir='ltr'><strong>non</strong></span> <span class='ocrx_word' id='word_1_427' title='bbox 1906 4510 2206 4569; x_wconf 89' lang='lat' dir='ltr'><strong>admittitur,</strong></span> <span class='ocrx_word' id='word_1_428' title='bbox 2266 4522 2444 4556; x_wconf 90' lang='lat' dir='ltr'><strong>uerum</strong></span> <span class='ocrx_word' id='word_1_429' title='bbox 2497 4508 2651 4556; x_wconf 88' lang='lat' dir='ltr'><strong>etiam</strong></span> <span class='ocrx_word' id='word_1_430' title='bbox 2707 4508 2883 4570; x_wconf 88' lang='lat' dir='ltr'><strong>nequit</strong></span> <span class='ocrx_word' id='word_1_431' title='bbox 2935 4509 2986 4555; x_wconf 90' lang='lat' dir='ltr'><strong>in</strong></span> 
     </span>
     <span class='ocr_line' id='line_1_46' title="bbox 596 4592 2986 4657; baseline -0.001 -16"><span class='ocrx_word' id='word_1_432' title='bbox 596 4602 862 4655; x_wconf 87' lang='lat' dir='ltr'><strong>argentum</strong></span> <span class='ocrx_word' id='word_1_433' title='bbox 900 4592 1220 4655; x_wconf 88' lang='lat' dir='ltr'><strong>aliquatenus</strong></span> <span class='ocrx_word' id='word_1_434' title='bbox 1258 4594 1576 4642; x_wconf 87' lang='lat' dir='ltr'><strong>commutari.</strong></span> <span class='ocrx_word' id='word_1_435' title='bbox 1647 4592 1869 4657; x_wconf 86' lang='lat' dir='ltr'><strong>Propter</strong></span> <span class='ocrx_word' id='word_1_436' title='bbox 1905 4594 2037 4656; x_wconf 91' lang='lat' dir='ltr'><strong>quod</strong></span> <span class='ocrx_word' id='word_1_437' title='bbox 2075 4594 2308 4657; x_wconf 87' lang='lat' dir='ltr'><strong>exposcit</strong></span> <span class='ocrx_word' id='word_1_438' title='bbox 2344 4593 2649 4641; x_wconf 89' lang='lat' dir='ltr'><strong>neccessitas</strong></span> <span class='ocrx_word' id='word_1_439' title='bbox 2687 4598 2744 4639; x_wconf 92' lang='lat' dir='ltr'><strong>ut</strong></span> <span class='ocrx_word' id='word_1_440' title='bbox 2777 4599 2986 4640; x_wconf 88' lang='lat' dir='ltr'><strong>moneta</strong></span> 
     </span>
     <span class='ocr_line' id='line_1_47' title="bbox 595 4677 2986 4740; baseline -0.001 -15"><span class='ocrx_word' id='word_1_441' title='bbox 595 4677 899 4738; x_wconf 89' lang='lat' dir='ltr'><strong>huiusmodi,</strong></span> <span class='ocrx_word' id='word_1_442' title='bbox 937 4692 1033 4739; x_wconf 90' lang='lat' dir='ltr'><strong>que</strong></span> <span class='ocrx_word' id='word_1_443' title='bbox 1071 4678 1159 4726; x_wconf 87' lang='lat' dir='ltr'><strong>tibi</strong></span> <span class='ocrx_word' id='word_1_444' title='bbox 1197 4694 1263 4726; x_wconf 86' lang='lat' dir='ltr'><strong>ex</strong></span> <span class='ocrx_word' id='word_1_445' title='bbox 1302 4679 1494 4726; x_wconf 86' lang='lat' dir='ltr'><strong>decime</strong></span> <span class='ocrx_word' id='word_1_446' title='bbox 1533 4677 1835 4725; x_wconf 88' lang='lat' dir='ltr'><strong>collectione</strong></span> <span class='ocrx_word' id='word_1_447' title='bbox 1873 4678 2126 4740; x_wconf 88' lang='lat' dir='ltr'><strong>prouenit,</strong></span> <span class='ocrx_word' id='word_1_448' title='bbox 2165 4678 2217 4724; x_wconf 92' lang='lat' dir='ltr'><strong>in</strong></span> <span class='ocrx_word' id='word_1_449' title='bbox 2265 4692 2345 4725; x_wconf 69' lang='lat' dir='ltr'><strong>res</strong></span> <span class='ocrx_word' id='word_1_450' title='bbox 2392 4678 2598 4726; x_wconf 89' lang='lat' dir='ltr'><strong>uenales</strong></span> <span class='ocrx_word' id='word_1_451' title='bbox 2635 4677 2831 4739; x_wconf 87' lang='lat' dir='ltr'><strong>aliquas</strong></span> <span class='ocrx_word' id='word_1_452' title='bbox 2867 4691 2986 4724; x_wconf 91' lang='lat' dir='ltr'><strong>con-</strong></span> 
     </span>
    </p>
   </div>
  </div>
 </body>
</html>
