3534 5361
1705 350 1783 406 89

727 537 877 593 Item
920 554 1071 593 anno
1116 555 1232 611 quo
1277 554 1467 610 supra.
1526 535 1617 591 die
1676 534 1808 609 ‚iiijte
1855 534 2013 609 Maij.
2077 534 2294 608 Recepi
2360 553 2396 590 a
2462 533 2576 590 dfio
2645 533 2937 607 Episcopo

571 637 916 713 Lincopensi
962 656 1067 711 per
1110 656 1313 694 manus
1373 637 1617 693 diiorum
1684 636 1972 694 Johannis
2036 634 2443 710 archidyaconi
2491 644 2546 691 et
2589 634 2791 690 Karoli
2838 634 2938 690 de-

562 739 691 796 cani
735 758 841 814 pro
886 737 1083 794 oblato
1128 737 1384 795 subsidio
1430 737 1544 794 dfio
1590 749 1785 794 nostro
1832 756 1981 811 pape
2028 756 2132 811 per
2169 736 2357 810 ipsum
2410 736 2543 792 dfim
2581 735 2938 809 Episcopum

562 851 620 897 et
660 839 875 896 clerum
920 857 1086 896 suum
1133 869 1212 875 —
1258 846 1321 895 vc.
1366 857 1542 895 marc.
1588 839 1712 894 den.
1757 838 2102 897 Sueuorum.

1227 939 1472 1014 Recepit
1503 939 1952 1013 jnstrumentum
1997 939 2277 997 Jacobus.

731 1111 880 1168 Item
924 1128 1076 1166 anno
1121 1128 1237 1184 quo
1281 1128 1497 1183 supra.·
1541 1108 1632 1165 die
1698 1107 1871 1182 xxiij.
1938 1107 2149 1165 mensis
2213 1107 2371 1182 Maij.
2437 1107 2653 1182 Recepi
2721 1127 2757 1163 a
2824 1107 2938 1163 dfio

565 1211 859 1287 Episcopo
907 1210 1166 1267 Aboensi
1213 1229 1317 1286 per
1363 1229 1566 1267 manus
1611 1209 1707 1265 dfii
1773 1208 1945 1266 Elaui
2008 1208 2277 1283 Gregorij
2345 1208 2605 1266 canonici
2650 1208 2942 1266 Aboensis

563 1332 668 1388 pro
714 1312 909 1370 oblato
953 1311 1211 1370 subsidio
1255 1331 1358 1386 per
1401 1310 1590 1386 ipsum
1636 1312 1771 1367 dfim
1840 1310 2192 1386 Episcopum
2261 1312 2594 1367 Aboensem
2661 1339 2742 1346 -
2789 1308 2941 1382 xxij.

563 1413 667 1471 sol.
711 1432 892 1487 gross.
942 1413 1387 1471 Turonensium.

1231 1513 1473 1588 Recepit
1507 1512 1956 1587 jnstrumentum
2003 1514 2281 1571 ‹Iacobua

1531 1702 1604 1739 .x.
1649 1701 1827 1740 marc.
1875 1701 1996 1757 arg.
2045 1682 2319 1758 ponderis
2364 1679 2832 1742 Stokholmensis.

564 1778 741 1845 patet.
810 1769 1050 1828 Summa
1071 1768 1242 1825 huius
1263 1767 1472 1843 pagine
1535 1774 1617 1822 .v⁰.
1663 1786 1839 1824 marc.
1889 1768 2016 1825 den.
2062 1767 2408 1827 Sueuorum.

1531 1852 1693 1927 .xxij.
1731 1852 1835 1910 sol.
1877 1871 2059 1927 gross.
2105 1851 2550 1908 Turonensium.

683 2350 798 2426 De
861 2349 1172 2426 residuis
1238 2347 1520 2424 decime
1584 2349 1997 2425 sexannalis
2060 2351 2378 2450 receptis
2438 2351 2503 2424 in
2551 2347 2821 2449 Regno
2962 2371 3141 2410 roms-b-

1246 2484 1520 2561 Suecie
1584 2494 1796 2560 tenor
1857 2483 2268 2560 litterarum.

738 2666 1040 2725 Johannes
1107 2667 1414 2744 episcopus
1479 2687 1683 2726 seruus
1747 2686 2047 2725 seruorum
2122 2665 2211 2723 dei
2288 2665 2520 2724 Dilecto
2585 2666 2705 2723 filio
2770 2664 2947 2724 Petro

571 2766 838 2842 Geruasij
887 2768 1169 2825 canonico
1213 2769 1543 2827 Viuariensi
1610 2769 1928 2845 apostolice
1993 2769 2144 2826 sedis
2206 2768 2453 2826 Nunci0.
2564 2768 2825 2827 Salutem
2891 2778 2948 2825 et

568 2869 946 2944 apostolicam
983 2870 1470 2929 benediccionem.
1562 2871 1986 2927 Attendentens
2032 2870 2249 2926 dudum
2293 2872 2447 2946 quod
2494 2870 2717 2927 decima
2740 2889 2946 2927 sexan-

568 2969 714 3027 nalis
759 2989 934 3046 quam
979 2970 1160 3029 felicis
1205 2972 1630 3029 recordacionis
1676 2970 1944 3030 Clemens
2008 2991 2163 3046 papa
2209 2989 2281 3027 .v.
2330 2972 2703 3046 predecessor
2755 2980 2950 3027 noster

569 3071 627 3127 in
672 3072 920 3129 concilio
964 3073 1282 3130 Viennensi
1327 3073 1600 3149 imposuit
1636 3074 1694 3130 in
1734 3082 1884 3130 terre
1920 3082 2117 3131 sancte
2153 3071 2469 3130 subsidium
2496 3082 2553 3129 et
2582 3073 2724 3131 alias
2748 3083 2950 3131 contra

568 3171 814 3231 rebelles
859 3183 915 3230 et
958 3174 1221 3231 inimicos
1265 3174 1397 3231 fidei
1439 3174 1721 3231 catholice
1767 3176 2217 3234 conuertendam
2261 3174 2318 3230 in
2362 3173 2553 3248 regnis
2618 3174 2949 3249 Norwegie,

571 3274 778 3334 Suecie
825 3284 882 3332 et
927 3273 1116 3334 Gocie
1160 3274 1332 3332 fuisse
1379 3276 1679 3334 dicebatur
1723 3297 1828 3352 pro
1874 3295 2083 3351 magna
2127 3285 2288 3352 parte
2337 3275 2581 3333 collecta
2640 3284 2697 3332 et
2754 3276 2950 3351 aliqua

569 3377 867 3433 restabant
910 3376 1081 3433 etiam
1129 3376 1385 3433 eiusdem
1431 3378 1653 3434 decime
1697 3378 1752 3435 in
1803 3379 2017 3436 eisdem
2058 3377 2277 3452 Regnis
2320 3377 2553 3434 residua
2607 3377 2949 3452 colligenda,

575 3477 744 3535 certis
789 3477 1194 3535 collectoribus
1240 3498 1385 3553 quos
1429 3479 1504 3535 ad
1548 3489 1742 3554 partes
1788 3478 2073 3538 dictorum
2131 3481 2467 3555 Regnorum
2533 3478 2951 3537 transmisimus

574 3579 987 3655 iniungendum
1034 3578 1302 3637 duximus
1348 3589 1405 3637 et
1448 3582 1839 3639 mandandum
1879 3592 1941 3639 vt
1984 3584 2056 3639 ab
2117 3581 2380 3639 omnibus
2442 3581 2690 3638 Prelatis
2742 3592 2800 3638 et
2857 3602 2950 3639 ec-

577 3680 884 3739 clesiarum
931 3681 1346 3739 cathedralium
1394 3682 1678 3741 dictorum
1723 3684 2059 3759 Regnorum
2105 3682 2389 3759 Capit-ulis
2426 3682 2669 3759 alijsque
2695 3684 2952 3759 predicte

577 3782 800 3840 decime
847 3782 1253 3842 collectoribus
1299 3793 1355 3841 et
1398 3784 1918 3843 subcollectoribus
1963 3785 2174 3841 dictam
2221 3785 2523 3857 decimam,
2566 3805 2672 3843 nec
2717 3805 2830 3842 non
2897 3794 2954 3842 et

575 3903 940 3960 quecumque
985 3884 1166 3960 ipsius
1206 3885 1442 3944 residua
1485 3905 1598 3962 que
1644 3886 1969 3962 colligenda
2011 3889 2306 3944 restabant
2350 3889 2425 3944 ab
2471 3888 2735 3945 omnibus
2759 3896 2815 3943 et
2837 3886 2951 3945 sin-

573 3986 725 4062 gulis
770 3986 1053 4044 dictorum
1097 3989 1434 4062 Regnorum
1480 3988 1578 4063 qui
1625 3990 1697 4044 ad
1745 4009 1816 4046 ea
1858 3997 2207 4059 tenerentur,
2253 3998 2448 4064 petere
2495 3989 2765 4064 colligere
2831 3989 2952 4045 exi-

575 4107 710 4162 gere
755 4097 813 4145 et
855 4088 1111 4163 recipere
1159 4089 1515 4164 integraliter
1559 4100 1955 4166 procurarent,
2000 4091 2098 4165 qui
2145 4090 2280 4169 licet
2320 4090 2476 4148 circa
2536 4092 2646 4147 hoc
2712 4090 2953 4165 diligen-

579 4190 728 4247 ciam
774 4190 1135 4247 exhibuerint
1179 4191 1514 4262 studiosam,
1560 4192 1749 4249 adhuc
1795 4200 1987 4249 tamen
2032 4192 2305 4249 nonnulle
2335 4193 2710 4267 pecuniarum
2734 4211 2954 4250 summe

577 4290 648 4347 de
693 4291 916 4347 decima
958 4292 1299 4366 supradicta
1341 4293 1585 4351 collecte
1629 4313 1805 4369 penes
1848 4294 2113 4351 Prelatos
2156 4306 2213 4349 et
2267 4295 2524 4370 capitula
2574 4314 2677 4352 seu
2746 4294 2954 4351 collec-

576 4402 732 4450 tores
775 4392 1066 4469 predictos
1110 4394 1363 4451 existunt
1407 4413 1476 4451 ac
1521 4395 1706 4451 multa
1748 4394 1928 4469 ipsius
1974 4395 2193 4453 decime
2227 4396 2456 4453 residua
2479 4405 2699 4455 restant
2721 4396 2776 4452 in
2800 4398 2953 4471 Reg-

577 4494 663 4551 nis
708 4493 942 4565 eisdem,
988 4494 1138 4551 sicut
1180 4495 1453 4552 asseritur
1517 4495 1860 4570 colligenda,
1927 4495 2221 4569 Quocirca
2285 4497 2625 4555 discrecioni
2689 4507 2787 4555 tue
2853 4517 2958 4573 per

578 4595 901 4671 apostolica
944 4596 1160 4671 scripta
1205 4596 1613 4655 committimus
1658 4606 1714 4654 et
1759 4596 2118 4669 mandamus,
2163 4609 2448 4673 quatenus
2492 4599 2565 4655 ad
2598 4606 2791 4674 partes
2830 4617 2954 4654 eor-

577 4697 787 4753 undem
833 4697 1169 4772 Regnorum
1215 4705 1271 4754 te
1312 4697 1693 4772 personaliter
1737 4697 2052 4771 conferens,
2096 4698 2401 4774 pecuniam
2461 4697 2789 4756 huiusmodi
2855 4718 2954 4774 pe-
