3534 5361
1597 376 1631 432 5

417 562 535 622 aldi
581 563 652 619 de
699 560 991 621 Societate
1036 558 1303 615 Pulicum
1353 569 1409 615 et
1452 558 1943 629 Rinbertinorum,
2012 561 2338 618 et'Bonino
2382 561 2525 619 Neri
2572 563 2643 617 de
2708 582 2799 619 so-

416 665 625 722 cietate
685 661 782 718 dfii
843 659 1139 733 Thomasij
1188 660 1414 735 Spiliati
1462 662 1531 715 de
1579 660 1895 731 Florentia,
1944 663 2359 720 mercatoribus
2415 662 2657 721 Camere
2703 664 2800 719 dfii

412 785 585 840 pape,
655 772 711 820 et
755 760 1035 834 magistro
1079 760 1312 835 Angelo
1361 761 1431 815 de
1478 760 1763 834 Fulgineo
1811 762 2065 818 eiusdem
2113 762 2358 819 Camere
2404 763 2635 831 clericO,
2691 764 2799 821 Jn-

412 875 654 922 uentum
699 872 785 919 est
829 862 984 937 quod
1029 861 1180 918 idem
1225 860 1720 935 Archiepiscopus
1770 861 1823 917 in
1870 863 2144 937 predictis
2188 864 2407 938 Regnis
2451 864 2557 920 fuit
2588 864 2796 921 collec-

411 972 504 1023 tor
549 965 700 1022 dicte
748 962 968 1020 decime
1014 981 1119 1036 per
1182 960 1292 1034 .vij.
1337 981 1519 1017 annos
1566 960 1859 1032 continue,
1922 972 1979 1019 et
2036 965 2191 1038 quod
2245 965 2466 1039 recepit
2530 965 2600 1020 de
2646 964 2798 1020 dicta

414 1067 640 1124 decima
684 1065 742 1121 in
789 1062 1004 1121 eisdem
1049 1062 1259 1136 regnis,
1302 1082 1522 1118 necnon
1572 1071 1626 1118 et
1673 1062 2118 1122 obuentionibus
2165 1066 2352 1122 crucis
2396 1064 2624 1121 nomine
2648 1075 2798 1120 terre

411 1175 613 1224 sancte
680 1166 751 1222 de
797 1164 1145 1239 quibusdam
1190 1161 1677 1221 *satisfationibus
1735 1162 2191 1236 delinquentium
2247 1166 2305 1221 in
2361 1166 2628 1222 vniuerso
2693 1184 2798 1238 pro

410 1276 536 1324 toto
583 1275 842 1341 tempore
886 1264 1240 1340 supradictO.
1326 1264 1526 1320 Primo
1573 1264 1643 1319 de
1689 1264 1912 1320 decima
1956 1268 2116 1340 regni
2165 1266 2349 1323 Dacie
2396 1268 2466 1322 dc
2515 1265 2667 1339 .viiij.
2718 1266 2796 1321 ci-

411 1367 692 1425 uitatibus
737 1377 794 1424 et
861 1365 1292 1441 episcopatibus
1337 1365 1393 1420 in
1451 1364 1539 1420 .vi.
1584 1365 1749 1421 annis
1795 1375 1928 1422 sunt
1975 1367 2233 1423 collecta.
2279 1394 2375 1400 —-
2428 1367 2541 1423 .lv'!¹
2595 1387 2678 1424 cc,
2724 1366 2797 1439 iij.

411 1470 646 1527 marche
691 1488 827 1527 cum
873 1465 1108 1524 dimidia
1155 1465 1540 1522 denariorium
1589 1483 1954 1539 capreorum.

579 1568 728 1625 Item
776 1569 847 1625 de
892 1568 1028 1626 Rua
1071 1565 1166 1623 uel
1214 1565 1450 1625 Sclauia
1506 1593 1563 1600 -·
1623 1585 1670 1621 c.
1713 1565 1913 1642 lxxvij.
1973 1572 2205 1627 marche
2252 1570 2641 1639 denariorum,
2700 1569 2797 1642 qui

411 1669 682 1727 dicuntur
737 1654 962 1727 ualere*
975 1667 1108 1743 plus
1152 1685 1327 1742 quam
1374 1666 1488 1740 alij.

578 1771 727 1827 Item
780 1798 846 1807 -
898 1769 1003 1842 iiijc.
1066 1768 1244 1841 xxvij.
1291 1769 1520 1824 marche
1567 1771 1790 1843 argenti
1836 1771 1892 1827 in
1936 1772 2189 1846 pondere
2232 1771 2436 1828 Dacie.

580 1872 729 1929 Item
775 1899 855 1907 --
902 1869 1020 1944 liiij.
1064 1870 1230 1927 solidi
1277 1879 1332 1924 et
1380 1889 1452 1924 .x.
1500 1870 1717 1944 ‹lenarij
1763 1871 2188 1947 sterlingorum.

578 1973 727 2030 Item
768 1972 979 2030 ibidem
1027 1972 1098 2028 de
1144 1969 1588 2027 obuentionibus
1631 1971 2117 2030 satisfactionibus
2163 1982 2219 2029 et
2264 1972 2795 2045 condempnationi-

408 2076 520 2132 bus
564 2083 716 2130 terre
763 2080 966 2131 sancte
1019 2100 1083 2106 -
1136 2069 1218 2144 vj0.
1263 2071 1462 2146 xxxvj.
1511 2073 1739 2127 marche
1787 2073 2152 2131 denariorum
2200 2091 2565 2148 cupreorum.

580 2175 729 2232 Item
776 2173 846 2230 de
893 2172 1106 2230 eisdem
1166 2161 1609 2232 obuentionibus
1654 2199 1736 2207 -
1782 2171 1864 2245 vjc.
1908 2172 2047 2248 lxiij.
2108 2175 2338 2231 marche
2382 2183 2441 2231 et
2505 2194 2576 2231 .v.
2631 2174 2798 2231 vncie

411 2274 633 2351 argenti
672 2275 731 2332 in
775 2275 1030 2350 pondere
1073 2276 1278 2334 Dacie.

580 2377 726 2433 Item
775 2376 845 2433 de
889 2376 1106 2434 eisdem
1154 2374 1600 2434 obuentionibus
1629 2402 1695 2411 -
1732 2374 1805 2448 iij.
1853 2377 2082 2432 marche
2130 2384 2186 2431 et
2228 2374 2384 2449 .xiiij.
2427 2375 2684 2450 sterlingi
2730 2378 2801 2434 de
2880 2416 2888 2424 -

418 2496 561 2536 auro
605 2477 662 2533 in
707 2476 963 2552 pondere
1005 2477 1209 2535 Dacie.

583 2678 733 2737 Item
793 2677 856 2737 in
916 2678 1122 2754 Regno
1180 2679 1389 2740 Suecie
1436 2679 1677 2737 collecte
1734 2688 1869 2737 sunt
1921 2679 1978 2736 in
2035 2679 2305 2740 Vniuerso
2359 2701 2432 2740 ex
2476 2682 2705 2739 decima
2741 2683 2799 2739 in

415 2780 672 2857 quinque
739 2781 904 2839 annis
983 2810 1040 2817 -·
1114 2780 1276 2856 xiiijr
1339 2781 1442 2857 iiijc.
1488 2781 1647 2856 xxxj.
1714 2782 1947 2837 marche
2014 2792 2070 2837 et
2129 2782 2365 2839 dimidia
2434 2783 2800 2840 denariorum

414 2882 486 2939 de
531 2879 759 2940 Suecia.

584 2982 732 3038 Item
766 3010 825 3020 -
861 2983 966 3059 53qu
1009 2982 1045 3039 l.
1091 2986 1325 3042 marche
1371 2984 1591 3059 argenti
1637 2983 1710 3040 ad
1756 2984 1983 3058 pondus
2017 2984 2223 3043 Suecie
2269 2987 2343 3042 ab
2386 3028 2399 3042 .
2444 3026 2458 3041 .
2504 2984 2800 3059 Episcopo

415 3083 786 3158 Lincopensi.

582 3184 729 3240 Item
784 3186 854 3242 de
900 3185 1347 3243 obuentionibus
1394 3186 1598 3256 crucis,
1644 3194 1698 3241 et
1736 3185 2186 3243 satisfationibus
2229 3196 2286 3243 et
2330 3186 2799 3261 condempnatio-

416 3286 586 3344 nibus
636 3286 1091 3361 delinquentium
1137 3285 1347 3343 ibidem
1394 3288 1586 3344 habite
1632 3296 1763 3344 sunt
1810 3307 1916 3361 pro
1962 3297 2115 3344 terra
2159 3298 2361 3344 sancta
2412 3315 2479 3324 —
2533 3307 2579 3344 c.
2641 3272 2798 3360 lxvij.

416 3388 648 3444 marche
693 3388 916 3462 argenti
960 3387 1018 3444 in
1063 3388 1320 3463 pondere
1356 3388 1581 3447 Suecie.

757 3588 998 3648 Summa
1053 3607 1407 3647 summarum
1470 3591 1720 3648 omnium
1778 3601 2145 3667 receptorum
2209 3611 2283 3647 ex
2328 3591 2553 3652 decima
2598 3600 2656 3646 et
2699 3593 2800 3648 ob-

586 3689 955 3748 uentionibus
998 3699 1150 3748 terre
1196 3702 1394 3748 sancte
1441 3711 1509 3747 ac
1555 3692 2008 3751 satisfationibus
2067 3703 2122 3749 ct
2191 3693 2805 3771 condempnationibus

592 3792 1046 3867 delinquentium
1092 3792 1150 3850 in
1193 3793 1469 3868 predictis
1512 3795 1775 3869 partibus
1797 3794 1982 3850 Dacie
2029 3797 2098 3852 de
2144 3814 2247 3852 sex
2291 3796 2475 3867 annis,
2516 3803 2574 3851 et
2597 3794 2806 3853 Suecie

592 3894 664 3951 de
710 3894 966 3970 quinque
1008 3894 1175 3952 annis
1221 3922 1298 3932 —
1347 3895 1489 3951 lxx¹3¹
1563 3916 1645 3954 cc.
1691 3896 1830 3971 lxxj.
1877 3899 2109 3953 marche
2142 3898 2504 3955 denariorum
2530 3898 2601 3953 de
2626 3916 2806 3972 cupro

591 3997 647 4053 in
695 3996 938 4055 diuersis
981 3995 1335 4072 ponderibus
1382 4005 1438 4053 et
1482 3996 1713 4056 diuerso
1758 3997 1976 4056 ualore.

755 4100 902 4155 Item
949 4126 1031 4134 —-
1095 4097 1329 4172 clxxvij.
1391 4101 1623 4157 marche
1680 4101 2047 4157 denariorum
2102 4101 2172 4156 dc
2231 4101 2380 4171 Rua,
2447 4100 2546 4175 qui
2611 4099 2810 4157 ualent

586 4198 719 4274 plus
763 4218 937 4275 quam
982 4199 1076 4274 alij
1124 4199 1358 4274 denarij.

756 4303 902 4359 Item
948 4331 1012 4339 --
1067 4322 1142 4359 m.
1186 4303 1270 4377 vjc.
1316 4305 1409 4378 vij.
1459 4306 1689 4361 marche
1735 4313 1793 4360 et
1838 4323 1909 4360 .v.
1958 4302 2125 4358 vncie
2172 4301 2393 4376 argenti
2453 4303 2510 4359 in
2567 4303 2810 4360 diuersis

591 4404 946 4478 ponderibus
992 4412 1049 4460 et
1095 4405 1324 4463 diuerso
1370 4405 1590 4462 ualere.

760 4504 905 4562 Item
953 4533 1031 4541 —
1079 4504 1194 4579 liiij.
1240 4505 1404 4563 solidi
1451 4515 1507 4561 et
1551 4525 1624 4561 .x.
1667 4503 1884 4578 denarij
1939 4503 2362 4578 sterlingorum.

762 4606 908 4662 Item
944 4635 1006 4642 -
1044 4605 1118 4680 iij.
1156 4608 1389 4664 marche
1438 4615 1494 4662 et.
1540 4606 1695 4680 .xiiij.
1741 4604 2001 4679 sterlingi
2041 4604 2166 4661 auri
2216 4605 2288 4660 ad
2337 4605 2565 4679 pondus
2608 4605 2810 4662 Dacie.
