3534 5361
1646 384 1723 443 35

1485 668 1898 740 ScharensiS.
2876 693 2942 730 ron.
2961 691 3016 728 ιε.
3038 692 3075 731 b.

663 841 911 900 Decima
958 841 1328 916 episcopatus
1373 826 1727 901 Scharensis.
1773 843 1830 900 in
1865 864 2044 920 regno
2069 844 2311 904 Swecie.
2359 845 2615 902 assendit
2658 847 2729 904 de
2771 865 2875 904 sex

500 1041 720 1099 decima
764 1053 996 1118 reperta.
1036 1043 1142 1100 fuit
1183 1044 1446 1111 collecta,
1493 1053 1550 1101 et
1592 1045 1846 1120 reposita
1889 1047 1948 1103 in
1992 1047 2254 1106 sacristia
2302 1048 2544 1106 ecclesie
2590 1048 2876 1108 Scharen-

497 1143 587 1200 sis.
677 1144 755 1201 Et
790 1165 895 1220 per
918 1164 1008 1202 me
1031 1145 1264 1203 fratrem
1288 1147 1601 1204 Iohannem
1630 1148 1700 1203 de
1725 1147 1944 1206 Serene
1989 1158 2224 1225 recepta
2267 1148 2372 1206 fuit
2415 1168 2451 1205 a
2494 1150 2610 1208 dfio
2654 1145 2874 1222 P[etro]

498 1245 768 1321 episcopo
819 1246 1125 1306 Scharensi
1170 1248 1227 1304 in
1271 1250 1506 1305 modum
1551 1248 1649 1324 qui
1693 1249 1971 1324 sequitur.

665 1350 841 1406 Anno
889 1349 986 1404 dfii
1032 1349 1333 1406 millesimo
1378 1342 1524 1407 ‚cee‘t
1567 1349 1754 1424 xxvij‘!
1801 1361 1857 1406 et
1901 1351 2080 1425 ‚xijfftw
2128 1353 2217 1409 die
2264 1353 2472 1412 mensis
2514 1354 2874 1413 Decembris.

496 1447 625 1523 Ego
668 1449 844 1507 frater
886 1451 1176 1509 Iohannes
1223 1452 1292 1507 de
1339 1451 1573 1531 Seronel
1600 1451 1794 1527 recepi
1840 1471 1875 1508 a
1921 1454 2035 1509 dfio
2079 1454 2353 1529 episcopo
2409 1455 2735 1513 Scharensi.
2786 1443 2876 1513 ‘de

496 1552 741 1625 pecunia
794 1552 946 1610 dicte
993 1553 1215 1610 decime
1263 1553 1364 1627 .iijc.
1406 1573 1506 1610 xx.
1545 1572 1772 1611 marcas
1817 1562 1873 1610 et
1905 1573 1975 1612 .v.
2012 1555 2212 1613 vncias
2253 1555 2491 1631 argentj.
2539 1556 2613 1613 ad
2649 1558 2876 1631 pondus

497 1652 566 1708 de
613 1653 863 1712 Scharis.
910 1674 1022 1729 que
1070 1664 1403 1730 computate
1457 1653 1689 1711 fuerunt
1753 1655 1811 1711 in
1870 1656 2026 1713 dicta
2091 1657 2253 1713 totali
2321 1675 2547 1715 summa
2611 1679 2717 1734 pro
2784 1679 2877 1716 .m.

494 1753 577 1828 vj‘i
619 1753 696 1828 iij.
740 1756 988 1814 marchis
1034 1775 1164 1814 cum
1210 1755 1260 1831 .3.
1321 1775 1424 1812 ora
1491 1756 1857 1813 denariorum
1926 1756 2169 1816 Swecie.
2240 1768 2576 1834 computata
2619 1760 2879 1834 qualibet

496 1874 693 1912 marca
737 1856 974 1931 argentj.
1019 1878 1125 1933 pro
1171 1877 1239 1914 .v.
1290 1857 1767 1932 marchisparue
1812 1869 2055 1915 monete.

664 1958 812 2014 Item
857 1956 1032 2032 dxvij.
1082 1958 1208 2016 libr.
1275 1957 1413 2033 xiiij.
1480 1959 1587 2016 sol.
1649 1956 1727 2032 iij.
1797 1958 1925 2015 den.
1988 1959 2409 2035 sterlingorum.
2469 1980 2583 2035 que
2647 1960 2880 2019 fuerunt

499 2069 828 2134 computate
875 2078 980 2134 pro
1025 2066 1106 2115 .νῖ
1150 2059 1243 2134 vij.
1297 2059 1542 2117 marchis
1589 2070 1644 2115 et
1690 2057 1779 2132 .vj.
1826 2060 1939 2117 oris
1983 2080 2113 2117 eum
2161 2062 2396 2118 dimidia
2455 2071 2512 2118 et
2563 2060 2655 2136 .vj.
2699 2064 2878 2120 dena·

497 2159 594 2234 rijs
639 2161 790 2219 dicte
835 2180 1015 2236 parue
1063 2162 1305 2236 pecunie
1341 2161 1584 2220 Swecie.
1632 2171 1971 2235 computata
2017 2181 2213 2220 marca
2256 2181 2438 2237 parue
2482 2165 2729 2238 pecunie
2772 2184 2878 2240 pro

501 2260 573 2334 .ij.
619 2262 723 2318 sol.
770 2261 890 2335 viij.
939 2262 1065 2319 den.
1113 2263 1534 2337 sterlingorum.
2835 2336 2842 2343 ,

668 2362 814 2419 Item
860 2370 940 2420 .νῖ
981 2363 1118 2438 lviij.
1159 2364 1371 2421 march.
1415 2382 1597 2439 parue
1642 2363 1889 2437 pecunie
1929 2364 2166 2424 Swecie.
2214 2367 2288 2423 ad
2333 2367 2561 2442 pondus
2596 2366 2667 2424 de
2697 2366 2878 2426 Scha-

498 2464 591 2521 ris.
638 2483 751 2539 que
796 2475 1094 2522 numerate
1138 2465 1388 2534 fuerunt,
1435 2475 1491 2520 et
1535 2465 1916 2522 assenderunt
1960 2467 2034 2522 ad
2080 2465 2171 2540 .ijr
2221 2478 2276 2523 et
2321 2467 2477 2543 xxij.
2521 2487 2765 2527 mareas.
2824 2477 2880 2526 et

500 2584 569 2622 .v.
616 2585 743 2623 vnc.
785 2565 857 2640 vj.
905 2566 1032 2623 den.
1079 2574 1359 2624 numerat.
1403 2585 1587 2641 parue
1632 2567 1878 2641 pecunie
1924 2567 2164 2626 Swecie.

667 2770 760 2826 De
806 2770 1016 2845 quibus
1062 2770 1168 2826 diis
1212 2790 1317 2827 rex
1362 2769 1676 2845 Norwegie
1721 2770 1924 2828 habuit
1977 2772 2361 2829 medietatem.
2424 2771 2693 2830 videlicet
2747 2773 2878 2831 .clx.

500 2889 725 2929 marcas
770 2881 827 2929 et
867 2870 938 2945 .ij.
984 2871 1185 2929 vncias
1230 2860 1361 2929 cum
1407 2872 1645 2928 dimidia
1688 2871 1929 2946 argentj.
1974 2873 2049 2930 ad
2111 2874 2339 2948 pondus
2405 2875 2475 2930 de
2536 2873 2749 2933 Scaris.
2796 2900 2879 2911 —

498 2971 648 3029 Item
695 2971 913 3047 .xxxiij.
970 2971 1149 3031 libras
1208 2971 1358 3046 .xvij.
1404 2972 1507 3032 sol.
1574 2974 1626 3030 .i.
1694 2974 1887 3031 denar.
1956 2994 2087 3031 eum
2154 2975 2390 3044 dimidio
2453 2975 2875 3051 sterlingorum.

497 3071 645 3129 Item
692 3093 782 3130 .m.
828 3073 921 3148 .xj.
965 3092 1140 3132 marc.
1187 3083 1244 3132 et
1288 3072 1359 3147 .ij.
1407 3092 1488 3131 or.
1533 3093 1628 3130 xv.
1675 3075 1867 3131 denar.
1915 3085 2195 3133 numerat.
2245 3076 2439 3133 denar.
2483 3075 2723 3135 Swecie.

666 3275 974 3350 Reliquam
1020 3295 1158 3333 vero
1203 3276 1569 3333 medietatem
1614 3276 1827 3334 retinui
1873 3296 1981 3352 ego
2027 3277 2214 3336 dictus
2256 3278 2431 3336 frater
2460 3278 2761 3336 Johannes
2807 3279 2878 3336 de

499 3374 716 3433 Serone
761 3395 867 3451 pro
908 3396 1138 3434 camera
1184 3376 1278 3450 dfij
1324 3377 1502 3434 nostri
1547 3398 1718 3453 pape.
1780 3377 2051 3435 videlicet
2110 3379 2239 3436 .clx.
2286 3380 2879 3455 ma1·eaS.ij.vncias

498 3495 628 3533 cum
676 3476 870 3533 dimid.
917 3477 1158 3553 argentj.
1204 3479 1277 3535 ad
1322 3478 1550 3553 pondus
1595 3479 1666 3536 de
1712 3479 1964 3539 Scharis.
2011 3499 2117 3555 pro
2178 3480 2319 3555 .viij0.
2350 3480 2397 3556 3.
2444 3499 2619 3539 mare.
2664 3491 2721 3538 et
2763 3480 2879 3556 .iiij.

498 3596 578 3634 or.
624 3596 753 3634 cum
799 3578 993 3636 dimid.
1039 3586 1319 3637 numerat.
1364 3580 1557 3636 denar.
1604 3579 1967 3639 Sweuorum.

662 3678 811 3735 Item
858 3679 1075 3754 ‚xxxiij.
1121 3680 1247 3738 libr.
1292 3679 1446 3753 .xvij.
1462 3681 1578 3749 sol.
1619 3691 1677 3737 et
1721 3680 1773 3737 .i.
1819 3681 2011 3738 denar.
2058 3701 2190 3739 cum
2236 3682 2429 3740 dimid.
2473 3681 2727 3757 sterling.
2772 3702 2878 3758 pro

497 3778 578 3853 ‚ijs
620 3779 660 3835 l.
705 3799 882 3837 marc.
922 3791 979 3838 et
1019 3780 1113 3856 .iij.
1163 3801 1244 3840 or.
1291 3799 1422 3839 cum
1468 3795 1677 3856 quarta
1719 3792 1885 3857 parte
1926 3782 2094 3840 vnius
2140 3801 2256 3839 ore.
2284 3795 2340 3840 et
2364 3784 2455 3858 .iij.
2480 3784 2610 3841 den.
2635 3783 2876 3843 Sweuis.

663 3880 812 3937 Item
858 3900 950 3938 .m.
993 3881 1071 3956 xj.
1113 3901 1293 3939 mare.
1337 3893 1394 3940 et
1436 3882 1509 3957 .ij.
1554 3902 1636 3939 or.
1687 3902 1802 3940 .xv.
1851 3884 1980 3941 den.
2022 3884 2078 3940 in
2125 3904 2312 3960 parua
2352 3864 2619 3960 pecunia.
2676 3903 2876 3943 nume-

494 3991 600 4039 rat.
645 3983 720 4040 ad
763 3983 999 4040 modum
1045 3983 1285 4043 Swecie.

1960 4256 2280 4331 argentj.ad
2293 4255 2519 4330 pondus
2532 4256 2603 4312 de
2625 4255 2876 4315 SchariS.

1917 4339 2135 4414 .xxxiij.
2173 4341 2332 4397 liber.
2363 4339 2502 4413 xvij.
2537 4340 2640 4397 sol.
2675 4341 2709 4396 i.
2749 4341 2875 4398 den.

1960 4444 2090 4483 cum
2152 4424 2385 4481 dimidio
2452 4425 2877 4500 sterlingorum.

1915 4530 2006 4566 .m.
2050 4508 2127 4583 xj.
2171 4529 2347 4567 mare.
2392 4518 2450 4566 et
2492 4509 2561 4584 .ij.
2606 4529 2738 4567 vnc.
2780 4529 2877 4567 xv.

1958 4595 2086 4651 den.
2129 4613 2311 4669 parue
2354 4595 2616 4669 pecunie.

2385 4709 2471 4769 3*

1876 4171 2049 4419 §.clx
2074 4189 2249 4227 marc.
2262 4170 2316 4244 ij.
2331 4188 2459 4227 vne.
2475 4189 2623 4227 cum.
2641 4170 2878 4228 dimidia

497 4371 645 4453 [ap]
738 4378 977 4436 Summa
1000 4379 1213 4454 pagine
1239 4380 1308 4436 de
1331 4380 1472 4440 Rec.
1498 4401 1605 4456 pro
1631 4401 1864 4439 camera
1870 4423 1904 4666 2
