3534 5361
1703 320 1819 378 147

563 510 811 560 uertatur,
850 504 1029 565 quibus
1067 511 1216 551 extra
1253 516 1461 562 regnum
1514 502 1680 564 ipsum
1735 503 1915 551 delatis
1970 510 2021 551 et
2073 504 2273 551 demum
2336 503 2570 562 uenditiS,
2623 510 2954 553 conuertatur

564 588 893 652 postmodum
930 602 1103 636 earum
1140 585 1357 650 pretium
1395 584 1446 633 in
1483 594 1766 646 argentum.
1837 587 2032 636 Verum
2072 589 2189 650 quia
2225 595 2281 636 ut
2315 588 2497 636 asseris
2535 603 2687 651 super
2725 588 2825 650 hijs
2860 588 2972 636 ali-‘

565 671 702 734 quod
745 670 934 734 absque
980 681 1160 720 nostra
1205 671 1532 718 conniuentia
1585 672 1852 732 disponere
1886 686 1989 719 non
2025 672 2287 734 presumis,
2324 673 2599 736 postulasti
2636 672 2724 720 tibi
2762 673 2952 735 exponi

566 770 719 819 super
752 754 853 803 illis
889 764 1063 804 nostre
1099 754 1476 816 beneplacitum
1514 755 1813 804 uoluntatis.
1900 754 2009 804 Nos
2046 757 2217 819 itaque
2255 757 2570 820 diligentiam
2606 763 2748 805 tuam
2785 756 2953 805 multi-

566 840 768 905 pliciter
802 841 1236 899 commendanteS,
1263 839 1553 900 discretioni
1591 847 1674 888 tue
1711 841 2016 902 presentium
2055 841 2361 889 auctoritate
2398 841 2776 901 committimus,
2813 850 2869 890 ut
2904 841 2954 890 in

565 924 827 988 premissis
864 924 1112 987 procedas
1148 931 1301 986 prout
1336 939 1487 987 super
1521 925 1620 972 hoc
1657 923 1865 973 utilitati
1903 931 2033 973 terre
2064 930 2238 974 sancte
2258 924 2444 973 uideris
2464 925 2722 987 expedire,
2744 926 2955 990 rescrip-

568 1015 710 1058 turus
748 1008 894 1057 nobis
929 1008 1148 1057 fideliter
1181 1023 1272 1071 per
1308 1016 1421 1058 tuas
1456 1009 1650 1058 litteras
1687 1009 1869 1057 harum
1905 1008 2084 1057 seriem
2121 1010 2460 1070 continentes,
2490 1009 2731 1073 quidquid
2769 1012 2820 1059 in
2855 1009 2955 1071 hijs

569 1092 777 1143 duxeris
816 1091 1118 1141 faciendum.
1190 1094 1385 1142 Datum
1422 1096 1585 1143 Rome
1622 1095 1759 1157 apud
1795 1099 2028 1142 sanctum
2064 1094 2273 1143 Petrum
2311 1093 2375 1155 .ij.
2397 1093 2498 1142 kal.
2525 1094 2790 1156 Februarij
2829 1110 2956 1157 pon-

570 1179 791 1229 tificatus
826 1177 989 1226 nostri
1025 1192 1161 1227 anno
1199 1179 1440 1227 secundo.

1287 1260 1422 1302 (Arch.
1454 1261 1534 1298 vat.
1566 1261 1657 1307 Reg.
1689 1262 1772 1299 Nic.
1804 1261 1864 1300 ΙΙΙ.
1898 1272 1958 1298 an.
1993 1261 2049 1335 ΙΙ..
2073 1272 2131 1309 ep.
2164 1257 2233 1302 39)

1383 1486 1475 1542 13.
1570 1485 1751 1542 1279.
1849 1444 1944 1541 δίε
1987 1483 2147 1541 Juni.

704 1597 947 1647 Nicolaus
985 1600 1136 1663 episc.
1177 1616 1308 1648 seru.
1348 1615 1538 1649 seruor.
1578 1601 1656 1648 dei
1704 1599 2079 1648 venerabilibus
2138 1598 2376 1649 fratribus
2432 1637 2441 1647 .
2501 1637 2512 1647 .
2569 1601 2957 1662 archiepiscopo

571 1689 622 1731 et
658 1682 903 1732 vniuersis
941 1684 1194 1747 episcopis
1241 1685 1290 1732 in
1346 1700 1506 1748 regno
1562 1684 1734 1733 Suetie
1792 1684 2082 1733 constitutis
2135 1684 2285 1732 salut.
2326 1692 2376 1732 et
2428 1685 2649 1745 apostol.
2705 1686 2954 1733 benedict.

571 1767 740 1816 Tanto
775 1769 843 1816 ad
879 1775 1010 1816 terre
1047 1776 1221 1816 sancte
1257 1770 1476 1817 comoda
1521 1770 1844 1832 procuranda
1897 1784 1988 1817 uos
2042 1769 2188 1817 decet
2240 1783 2545 1830 consurgere
2599 1770 2959 1833 promptioreS,

573 1858 763 1915 quanto
798 1851 941 1900 illam
977 1852 1084 1900 eius
1118 1853 1292 1901 beauit
1327 1852 1600 1916 presentia,
1639 1854 1783 1901 cuins
1820 1852 2001 1902 effusio
2040 1853 2301 1915 sanguinis
2348 1852 2520 1901 extitit
2573 1861 2749 1901 nostra
2805 1854 2959 1903 salus.

571 1934 703 1986 Cum
738 1921 911 1998 itaque
947 1936 1142 1985 decima
1177 1937 1335 1999 ipsius
1374 1946 1522 1994 terre,
1561 1952 1656 1999 quc
1693 1939 1818 1999 proh
1859 1938 2007 1987 dolor
2061 1952 2159 1985 non
2216 1937 2323 1985 sine
2365 1937 2646 1998 ignominia
2696 1937 2957 1986 christiani

571 2021 788 2068 nominis
826 2020 919 2068 sub
963 2020 1243 2069 infidelium
1280 2030 1533 2085 potestate
1570 2021 1805 2070 consistit
1840 2023 2064 2070 eiusdem
2102 2029 2233 2069 terre
2270 2021 2497 2069 subsidio
2537 2022 2800 2085 deputata,
2839 2036 2959 2083 que-

573 2105 691 2153 dam
720 2103 977 2167 quantitas
1011 2104 1222 2167 pecunie
1260 2106 1311 2154 in
1364 2108 1546 2155 uestris
1600 2105 1893 2155 ciuitatibus
1948 2111 1998 2153 et
2050 2105 2336 2154 diocesibus
2392 2112 2447 2154 ut
2495 2106 2839 2154 intelleximus
2894 2106 2961 2153 sit

572 2188 790 2237 collecta
806 2189 1187 2239 vniuersitatem
1214 2197 1439 2238 uestram
1473 2206 1716 2252 rogamus
1753 2196 1805 2239 et
1839 2191 2104 2239 hortamur
2140 2196 2335 2238 attente
2371 2205 2461 2253 per
2495 2189 2778 2253 apostolica
2813 2190 2960 2238 uobis

573 2274 762 2337 scripta
796 2274 848 2323 in
884 2274 1074 2323 uirtute
1113 2274 1400 2323 obedientie
1440 2275 1665 2323 districte
1703 2275 2026 2338 precipiendo
2064 2276 2381 2335 mandanteS,
2420 2281 2667 2338 quatenus
2706 2274 2771 2322 ob
2816 2289 2958 2323 reue-

572 2359 787 2406 rentiam
824 2358 1054 2407 crucifixi
1091 2358 1234 2407 cuius
1280 2358 1334 2406 in
1385 2359 1483 2408 hac
1538 2368 1681 2421 parte
1733 2376 1812 2408 res
1867 2360 2050 2422 agitur,
2106 2364 2157 2407 et
2208 2366 2438 2408 nostram
2492 2358 2680 2422 singuli
2733 2366 2960 2407 uestrum

572 2442 841 2506 pecuniam
877 2442 930 2491 in
965 2441 1093 2491 locis
1131 2443 1193 2490 de
1232 2443 1429 2492 decima
1465 2444 1754 2493 huiusmodi
1792 2450 1957 2492 uestre
2008 2442 2343 2492 iurisdictioni
2399 2442 2637 2492 subiectis
2692 2443 2962 2492 collectam

574 2528 639 2575 ad
675 2533 882 2591 portum
917 2525 1217 2575 Scarensem
1254 2535 1530 2589 procurent
1553 2529 1646 2576 sub
1675 2529 1910 2578 custodia
1939 2530 2040 2577 fida
2062 2528 2261 2577 deferri.
2334 2528 2415 2575 Ita
2434 2527 2566 2588 quod
2588 2527 2726 2576 dicta
2744 2529 2963 2591 pecunia

574 2616 751 2674 postea
785 2610 837 2659 in
870 2610 1158 2670 Franciam,
1193 2626 1284 2673 per
1320 2611 1562 2660 dilectum
1597 2612 1758 2660 filium
1812 2612 2112 2675 magistrum
2174 2613 2517 2660 Bertrandum
2570 2610 2818 2660 Amalrici
2879 2626 2962 2659 ca-

573 2696 831 2759 pellanum
867 2701 1099 2745 nostrum
1133 2697 1440 2745 Remensem
1477 2697 1781 2745 canonicum
1818 2696 1870 2746 in
1903 2697 2079 2757 Suetie
2115 2703 2167 2746 et
2212 2698 2365 2745 Datie
2424 2698 2593 2760 regnis
2636 2697 2964 2745 collectorem

576 2781 769 2830 decime
805 2796 838 2829 a
873 2781 990 2828 sede
1027 2780 1316 2842 apostolica
1353 2782 1650 2843 deputatum
1689 2780 1873 2829 deferri
1919 2782 2084 2846 possit
2135 2797 2223 2829 seu
2278 2781 2427 2840 mitti,
2487 2766 2550 2829 ad
2611 2781 2748 2842 quod
2800 2781 2962 2827 eidem

575 2867 842 2929 capellano
879 2864 1142 2922 auxilium,
1183 2871 1233 2912 et
1268 2864 1538 2912 consilium
1575 2874 1824 2926 quantum
1861 2868 1911 2914 in
1949 2867 2092 2915 uobis
2125 2866 2277 2914 fuerit
2314 2881 2409 2913 uos
2435 2865 2674 2913 uolumus
2701 2863 2961 2926 impertiri.

572 2951 756 2999 Preces
793 2957 979 3009 autem,
1006 2957 1057 2998 et
1092 2957 1385 3014 preceptum
1422 2958 1654 2998 nostrum
1690 2951 1761 2998 sic
1798 2951 2046 3000 studeatis
2072 2950 2307 3010 sollicite,
2330 2965 2389 2998 ac
2409 2949 2626 2997 fideliter
2662 2949 2956 3012 adimplere,

577 3037 712 3098 quod
773 3035 999 3084 eiusdem
1050 3034 1259 3095 subsidij
1315 3034 1626 3082 exhibitione
1679 3036 1848 3097 operis
1900 3033 2181 3082 laudabiles
2238 3033 2638 3096 comprobemini
2692 3032 2962 3081 zelatores.

573 3117 781 3181 Nosque
815 3118 1029 3181 proinde
1065 3118 1350 3167 deuotionis
1387 3125 1554 3167 uestre
1591 3120 1934 3167 sinceritatem
1970 3119 2135 3179 dignis
2172 3119 2224 3166 in
2272 3119 2478 3166 domino
2531 3117 2765 3165 laudibus
2825 3132 2962 3164 com-

580 3204 889 3252 mendemus.
961 3202 1154 3250 Datum
1191 3202 1351 3250 Rome
1400 3204 1533 3260 apud
1588 3212 1820 3251 sanctum
1872 3202 2079 3251 Petrum
2125 3201 2245 3263 .viij.
2295 3203 2408 3250 idus
2452 3200 2593 3262 Junij
2638 3201 2965 3265 pontificatus

581 3289 744 3337 nostri
780 3302 916 3336 anno
955 3287 1195 3336 secundo.

1283 3367 1417 3412 (Arch.
1448 3369 1530 3407 Vnt.
1560 3370 1653 3418 neg.
1688 3372 1769 3410 Nic.
1798 3371 1845 3408 ΙΙΙ
1891 3382 1938 3408 an
1985 3371 2029 3410 ll.
2058 3382 2118 3418 ep.
2151 3366 2254 3413 133).
2315 3408 2320 3420 .

1396 3595 1488 3651 14.
1582 3594 1760 3652 1279.
1851 3595 1962 3652 '7de
2005 3592 2168 3650 Juui.

714 3708 962 3758 Nicolaus
1000 3709 1266 3772 episcopus
1303 3723 1432 3756 seru.
1473 3724 1664 3757 seruor.
1705 3710 1786 3757 dei
1823 3709 2085 3758 carissimo
2122 3710 2174 3758 in
2207 3708 2411 3759 Christo
2442 3709 2548 3756 filio
2576 3744 2587 3755 .
2617 3744 2628 3755 .
2657 3707 2762 3770 regi
2795 3707 2969 3756 Suetie

576 3795 766 3856 jllustri
805 3795 1024 3844 salutem
1061 3801 1112 3842 et
1147 3793 1365 3857 apostol.
1405 3795 1655 3842 benedict.
1729 3793 1781 3841 Si
1820 3796 2193 3856 circumspecta
2229 3795 2461 3842 culminis
2499 3793 2686 3855 regalis
2723 3793 2971 3840 industria

584 3887 716 3928 recte
754 3879 1040 3928 consideret
1083 3884 1328 3941 quantum
1365 3878 1652 3942 apostolica
1686 3880 1831 3926 sedes
1868 3879 2003 3928 circa
2053 3880 2317 3940 negotium
2373 3885 2505 3926 terre
2563 3886 2758 3935 sancte,
2819 3892 2970 3938 quam

584 3965 905 4013 inimicorum
944 3961 1033 4024 filij
1081 3963 1160 4011 dei
1197 3963 1300 4011 uiui
1339 3963 1528 4012 domini
1568 3964 1806 4011 uidelicet
1859 3963 1973 4012 Iesu
2029 3962 2235 4022 Christ-i,
2289 3964 2370 4024 qui
2421 3978 2511 4025 pro
2559 3962 2724 4011 salute
2759 3961 2968 4009 humani

584 4051 780 4113 generis
818 4049 871 4097 in
908 4062 969 4096 ea
1003 4049 1144 4097 nasci
1182 4049 1361 4108 uoluit,
1399 4056 1451 4097 et
1485 4049 1648 4096 crucis
1686 4048 1854 4096 subire
1893 4056 2202 4096 tormentum
2237 4047 2443 4097 funesta
2479 4047 2792 4110 presumptio
2821 4060 2970 4093 occu-

584 4134 726 4198 pauit
761 4150 793 4183 a
827 4133 1001 4194 noxijs
1038 4133 1464 4182 sollicitudinibus
1500 4132 1762 4192 laborarit,
1800 4139 1851 4180 et
1889 4135 1951 4180 ad
1990 4132 2117 4180 illud
2153 4132 2546 4194 cooperantibus
2600 4132 2694 4180 sibi
2746 4129 2969 4178 fidelium

585 4219 768 4281 studijs
808 4218 1153 4267 indesinenter
1188 4217 1392 4281 aspiret,
1430 4225 1485 4265 tu
1522 4216 1751 4278 profecto
1791 4217 1925 4265 circa
1962 4232 2022 4265 ea
2058 4232 2154 4279 que
2189 4215 2561 4280 promotionem
2599 4215 2757 4278 ipsius
2777 4213 2968 4277 negotij

585 4310 936 4364 procurarent,
968 4309 1059 4352 tua
1099 4308 1307 4351 uacaret
1343 4302 1560 4350 intentio
1598 4303 1805 4363 eiusque
1844 4303 2163 4357 detrimenta,
2203 4309 2442 4363 tanquam
2484 4299 2764 4348 membrum
2803 4299 2973 4348 nobile

587 4403 647 4436 ac
664 4388 900 4451 princeps
919 4386 1206 4437 catholicus
1229 4388 1463 4435 euitares.
1501 4387 1589 4434 sed
1628 4388 1759 4435 sicut
1795 4402 1899 4434 non
1936 4387 2041 4434 sine
2081 4386 2396 4434 uehementis
2434 4385 2781 4432 admirationis
2818 4399 2974 4432 causa

587 4486 748 4535 nuper
781 4472 1070 4536 accepimus
1108 4473 1169 4520 de
1206 4471 1423 4534 pecunia
1459 4472 1668 4533 decime,
1707 4486 1803 4534 que
1839 4472 1890 4518 in
1929 4480 2017 4519 tuo
2056 4484 2213 4533 regno
2251 4470 2315 4518 ad
2354 4484 2481 4532 opus
2518 4469 2675 4530 ipsius
2713 4475 2844 4516 terre
2868 4468 2971 4516 col-

586 4556 721 4605 lecta
764 4570 874 4604 esse
910 4555 1204 4615 dinoscitur,
1242 4557 1496 4618 quandam
1533 4558 1871 4618 quantitatem
1908 4554 2102 4618 argenti
2140 4554 2233 4603 sub
2279 4554 2571 4601 uelamento
2625 4553 2973 4600 neccessitatis

588 4639 815 4701 vrgentis
852 4641 1088 4705 recepisti
1123 4648 1265 4689 motu
1302 4640 1505 4704 proprie
1542 4639 1841 4697 uoluntatis,
1881 4639 2016 4701 quod
2054 4639 2224 4700 utique
2261 4652 2364 4685 non
2404 4638 2573 4685 decuit
2601 4636 2794 4698 regiam
2819 4636 2976 4699 maje-

2450 4705 2571 4764 10*
