3534 5361
1701 308 1777 366 31

713 489 891 546 Anno
937 508 1053 564 quo
1096 508 1275 565 supra
1320 499 1376 550 et
1416 491 1596 567 ‚xij'
1652 491 1744 549 die
1791 492 2001 552 mensis
2046 491 2318 562 Ianuarii.
2426 490 2776 567 Recepimus
2820 512 2929 550 nos

548 586 722 645 frater
763 589 1052 647 Iohannes
1098 590 1169 647 de
1212 590 1432 650 Serone
1478 601 1534 649 ct
1577 593 1913 651 Bernardus
1969 593 2039 650 de
2087 592 2324 652 Ortolis.
2390 611 2425 648 a
2492 593 2606 649 dfio
2653 593 2929 669 episcopo

551 686 930 763 Stringinensi
959 691 1029 746 de
1069 691 1296 749 decima
1333 694 1703 769 episcopatus
1738 693 2149 768 Stringinensis
2173 713 2239 752 .c.
2261 712 2402 750 xxx.
2425 711 2653 750 marcas
2686 692 2929 767 argentj.

550 787 653 846 fuit
694 797 1030 864 computata
1076 792 1333 867 quelibet
1377 814 1574 853 marca
1631 794 1854 870 argenti
1901 813 2009 869 pro
2048 814 2102 851 v.
2130 793 2379 852 marchis
2409 793 2724 850 numeratis
2745 812 2930 868 parue

549 898 774 947 monete
818 890 1062 950 Swecie.
1105 893 1358 951 assendit
1399 894 1615 952 dictum
1661 905 1983 970 argentum.
2049 896 2124 952 ad
2190 892 2290 968 .vj·3
2352 894 2390 951 1.
2456 910 2682 951 marcas
2748 912 2931 968 parue

552 1000 779 1049 monete
825 991 1070 1051 Swecie.

715 1093 864 1150 Item
910 1093 1274 1168 Recepimus.
1320 1113 1356 1151 a
1400 1095 1553 1154 dicto
1601 1097 1716 1154 dfio
1776 1094 2049 1171 episcopo
2094 1095 2475 1171 Stringinensi
2519 1115 2610 1153 .m.
2657 1115 2704 1153 c.
2750 1095 2930 1169 xxvij.

550 1212 773 1252 marcas
815 1192 875 1250 in
920 1213 1107 1270 parua
1150 1195 1414 1270 pecunia.

716 1398 810 1454 De
856 1396 1067 1480 quibus
1111 1395 1316 1453 habuit
1360 1397 1467 1455 dfis
1512 1417 1633 1455 rex.
1679 1397 1996 1472 Norwegie
2053 1398 2421 1456 medietatem
2478 1398 2749 1456 videlicet
2790 1397 2929 1456 ,lxv.

551 1517 774 1557 marcas
819 1497 1044 1572 argenti
1088 1496 1163 1552 ad
1207 1497 1432 1572 pondus
1479 1500 1549 1555 de
1595 1498 1921 1558 Stocolmis.

715 1600 866 1656 Item
908 1599 967 1655 in
1011 1617 1197 1673 parua
1240 1599 1488 1673 pecunia
1533 1599 1802 1659 Sweuica
1867 1605 1949 1657 .v⁰.
2011 1599 2151 1675 lxiij.
2209 1619 2435 1658 marcas
2494 1620 2627 1658 cum
2692 1598 2932 1656 dimidia

552 1708 880 1759 numeratas
924 1699 999 1756 ad
1044 1699 1277 1756 modum
1325 1698 1569 1759 Swecie.

720 1900 1029 1975 Reliquam
1073 1919 1212 1958 vero
1267 1900 1634 1957 medietatem
1698 1901 2064 1959 Retinuimus
2129 1921 2234 1976 pro
2302 1921 2533 1960 camera
2598 1900 2692 1975 diij
2762 1920 2933 1976 pape.

553 2001 822 2059 videlicet
867 2001 1000 2058 ,lxv.
1045 2020 1270 2058 marcas
1316 2001 1537 2076 argenti
1583 2002 1656 2057 ad
1701 2001 1929 2076 pondus
1974 2001 2045 2058 de
2102 2002 2425 2062 Stocolmis.
2483 2002 2715 2060 fuerunt
2779 2020 2935 2059 com-

554 2110 753 2177 putate
795 2120 903 2177 pro
948 2100 1049 2176 ,iijq
1092 2121 1229 2159 xxv.
1276 2102 1524 2159 marchis
1566 2101 1881 2158 numeratis
1926 2102 2079 2160 dicte
2125 2121 2305 2177 parue
2350 2103 2594 2178 pecunie
2640 2101 2885 2162 Swecie.

721 2203 871 2259 Item
913 2203 971 2259 in
1028 2221 1214 2277 parua
1267 2201 1517 2276 pecunia
1575 2201 1801 2262 Swecie
1866 2208 1946 2258 .νῖ
2009 2202 2145 2276 lviij.
2208 2222 2432 2260 marcas
2499 2222 2631 2261 cum
2698 2202 2936 2259 dimidia

553 2311 886 2362 numeratas
929 2302 1005 2360 ad
1048 2303 1287 2386 modum
1330 2300 1573 2360 Swecie.

724 2488 966 2548 summa
1008 2485 1220 2561 pagine
1265 2487 1336 2543 de
1374 2487 1651 2561 Receptis
1695 2507 1801 2562 pro
1846 2507 2077 2546 camera
2120 2488 2215 2562 dfij
2261 2489 2441 2546 nostri
2487 2508 2639 2564 pape
2684 2496 2771 2546 est,

690 2599 822 2682 [ψ]
864 2566 2466 2733 {·‡²{“1„÷¹32232303;g333zimsssfflasszss‘ssssszssss·

1520 2903 1971 2998 Lincopensis.
2939 2932 3003 2969 rol.
3025 2931 3082 2967 14.
3103 2932 3139 2968 b.

725 3091 973 3150 Decima
1014 3090 1381 3166 episcopatus
1425 3092 1804 3169 Lincopensis
1842 3094 2094 3152 assendit
2132 3095 2202 3158 de
2245 3114 2349 3151 sex
2372 3095 2536 3151 annis
2560 3093 2633 3150 ad
2658 3111 2940 3151 summam

561 3195 675 3269 ‚iijr
727 3194 848 3269 ,vijff
912 3189 1093 3262 lxxxj.
1138 3209 1364 3248 marcas
1405 3212 1586 3267 parue
1632 3201 1862 3251 monete
1909 3193 2131 3254 Swecie
2174 3204 2505 3252 numeratas
2563 3195 2638 3250 ad
2704 3194 2940 3251 modum

561 3295 800 3357 Swecie.
848 3312 960 3369 que
1007 3290 1256 3365 pecunia
1300 3293 1452 3351 dicte
1498 3293 1718 3350 decime
1761 3294 2008 3352 collecta
2056 3303 2110 3352 et
2154 3296 2408 3372 reposita
2449 3295 2637 3353 fuerat
2680 3294 2737 3351 in
2762 3292 2942 3351 sacri-

561 3398 672 3455 stia
716 3394 957 3453 ecclesie
1000 3393 1397 3469 LincopensiS.
1444 3402 1500 3450 et
1542 3394 1805 3469 Recepta
1847 3414 1953 3470 per
1997 3415 2118 3453 nos.
2187 3395 2421 3454 fratrem
2485 3397 2802 3454 Iohannem
2872 3395 2943 3451 de

563 3497 799 3556 Serone.
844 3504 901 3551 et
943 3494 1012 3551 B.
1059 3494 1129 3551 de
1175 3494 1393 3554 Ortolis
1438 3514 1474 3551 a
1518 3495 1633 3550 dfio
1680 3495 1953 3570 episcopo
1999 3496 2352 3572 Lincopensi
2418 3497 2477 3553 in
2544 3497 2777 3554 modum
2846 3495 2946 3570 qui

562 3597 838 3673 sequitur.

730 3698 906 3754 Anno
951 3715 1068 3770 quo
1113 3715 1306 3772 supra.
1353 3704 1409 3753 et
1453 3696 1589 3771 ,xjnlfl
1641 3695 1733 3752 die
1793 3696 2004 3755 mensis
2065 3697 2364 3773 Febroarij
2430 3698 2783 3773 Recepimus
2841 3715 2946 3754 nos

562 3798 738 3856 frater
779 3799 1068 3855 Iohannes
1115 3797 1186 3853 de
1225 3796 1458 3855 Serone.
1506 3806 1561 3854 et
1604 3798 1673 3855 Β.
1700 3797 1772 3854 de
1798 3796 2016 3855 Ortolis
2061 3817 2097 3854 a
2138 3798 2252 3856 d’fio
2299 3799 2573 3875 episcopo
2598 3796 2948 3872 Lincopensi

566 3900 637 3956 de
682 3898 905 3956 decima
950 3896 1200 3954 ciuitatis
1246 3905 1301 3953 et
1347 3896 1591 3955 diocesis
1633 3896 1983 3973 lincopensis
2027 3898 2131 3974 ,iije
2176 3918 2399 3957 marcas
2445 3918 2576 3957 cum
2624 3898 2719 3973 .vj.
2764 3896 2947 3970 vncijs

564 3999 789 4074 argenti
825 4000 900 4055 ad
945 3997 1172 4072 pondus
1219 3998 1288 4053 de
1334 3997 1658 4056 StocolmiS.
1701 3996 1808 4055 fuit
1849 4008 2186 4074 computata
2218 4000 2475 4075 quelibet
2499 4017 2698 4057 marca
2723 3996 2944 4073 argentj

565 4118 669 4174 pro
713 4118 767 4155 v.
813 4098 1061 4156 marchis
1103 4117 1287 4172 parue
1331 4098 1575 4172 pecunie
1621 4097 1845 4158 Swecie
1891 4101 2206 4158 numeratis
2258 4100 2333 4157 ad
2396 4099 2633 4155 modum
2702 4096 2946 4159 Swecie.

567 4199 819 4257 assendit
862 4199 1076 4256 dictum
1119 4208 1423 4273 argentum
1467 4200 1542 4255 ad
1588 4218 1678 4256 .m.
1724 4206 1789 4255 v?
1831 4199 1968 4273 lviij.
2018 4220 2243 4259 marcas
2288 4208 2345 4257 et
2410 4199 2501 4273 .vj.
2568 4218 2700 4257 oras
2766 4216 2949 4274 parue

567 4308 796 4358 monete
840 4299 1084 4359 Swecie.

738 4396 913 4457 Item¹
960 4400 1069 4473 ,xij.
1114 4401 1238 4457 flor.
1283 4400 1424 4457 auri.
1471 4409 1806 4476 computato
1851 4401 2110 4476 quolibet
2151 4402 2369 4458 floreno
2413 4420 2519 4476 pro
2574 4420 2690 4457 vna
2755 4419 2953 4458 marca

647 4560 666 4589 ²
699 4565 875 4614 Foran
911 4560 1103 4625 „Item“
1143 4580 1197 4615 er
1233 4567 1322 4615 der
1356 4565 1373 4612 i
1406 4564 1623 4629 Margen
1659 4564 1846 4614 tilfoiet
1884 4573 1936 4615 et
1970 4565 1999 4624 †
2033 4568 2150 4615 med
2187 4580 2251 4615 en
2282 4566 2602 4628 Indcirkling
2637 4564 2716 4614 for
2741 4566 2804 4613 de
2822 4578 2953 4613 naer-

702 4656 835 4699 mest
868 4648 1106 4713 folgende
1143 4650 1197 4700 ni
1233 4647 1277 4711 (i
1315 4648 1616 4712 Originalen
1653 4646 1709 4709 6)
1745 4648 1937 4711 Linjer.
