3534 5361
1751 335 1872 393 150

611 524 843 580 argento,
880 516 1156 567 monitione
1193 516 1368 580 preuia
1403 532 1492 577 per
1543 531 1808 567 censuram
1858 518 2254 594 ecclesiasticam
2310 518 2653 582 appellatione
2708 519 3000 583 postposita

611 601 960 665 compellendi,
997 607 1049 649 et
1085 600 1357 649 inuocandi
1395 609 1572 651 contra
1607 617 1693 651 eos
1730 617 1881 665 super
1916 603 2014 650 hoc
2048 603 2087 649 si
2119 617 2326 651 necesse
2353 601 2505 650 fuerit
2528 602 2778 652 auxilium
2801 601 2994 664 brachij

612 686 871 742 secularis,
908 685 1211 735 auctoritate
1247 687 1556 748 presentium
1604 687 1827 735 debitam
1881 687 1968 735 tibi
2030 687 2353 736 concedimus
2413 685 2728 735 facultatem.
2801 687 2999 736 Datum

611 772 770 820 Rome
808 771 943 834 apud
980 777 1212 819 sanctum
1247 769 1456 818 Petrum
1494 786 1554 817 .ν.
1584 770 1700 819 idus
1736 768 1878 830 Junij
1917 770 2242 832 pontificatus
2275 772 2435 821 nostri
2473 785 2608 820 anno
2645 770 2750 832 ,ijqo

1330 851 1461 895 (Arch.
1493 853 1576 890 Vnt.
1607 853 1695 899 fleg.
1727 853 1811 891 Nic.
1848 854 1899 890 ΙΙΙ.
1931 863 1993 893 ιη.
2021 855 2064 892 ll.
2096 865 2154 902 ep.
2188 851 2290 896 143).

1428 1077 1519 1134 19.
1615 1076 1791 1134 1279.
1881 1075 1993 1132 9de
2035 1075 2197 1134 Juni.

746 1192 993 1242 Nicolaus
1029 1192 1296 1256 episcopus
1332 1207 1370 1240 s.
1410 1207 1446 1239 s.
1487 1192 1534 1239 d.
1573 1191 1765 1240 dilecto
1802 1188 1908 1238 filio
1953 1189 2198 1252 magistro
2251 1191 2539 1239 Bertrando
2593 1188 2842 1239 Amalrici
2899 1197 2996 1239 etc.

612 1284 706 1325 etc.
762 1277 981 1326 salutem
1035 1284 1127 1325 etc.
1218 1275 1294 1323 Te
1353 1290 1514 1338 nuper
1573 1275 1892 1338 significante
1951 1276 2257 1338 accepimus,
2317 1276 2452 1338 quod
2509 1275 2562 1323 in
2622 1275 3002 1324 cathedralibus

612 1361 842 1424 ecclesijs
879 1363 930 1410 in
963 1362 1119 1410 Datie
1155 1368 1207 1409 et
1242 1359 1414 1410 Suetie
1451 1361 1620 1422 regnis
1658 1359 1949 1408 constitutis
1975 1359 2207 1408 nonnulli
2235 1359 2459 1408 redditus
2480 1359 2756 1407 deuotione
2774 1359 3001 1407 fidelium

613 1446 841 1508 deputati
879 1447 1120 1504 existunt,
1156 1461 1224 1493 ex
1260 1444 1441 1507 quibus
1477 1459 1567 1507 per
1600 1458 1873 1506 personam
1909 1445 1975 1492 ad
2010 1445 2109 1492 hoc
2146 1443 2435 1508 specialiter
2469 1444 2765 1505 deputatam
2803 1443 2999 1492 clericis

612 1529 942 1577 ecclesiarum
978 1528 1109 1579 infra
1143 1530 1320 1577 eadem
1360 1543 1516 1588 regna
1552 1527 1941 1576 consistentium
1977 1529 2148 1576 vinum
2186 1536 2237 1577 et
2275 1528 2404 1576 ostie
2438 1527 2585 1576 annis
2612 1527 2829 1589 singulis
2854 1527 3001 1576 mini-

613 1620 854 1661 strantur.
928 1609 1065 1672 Quia
1100 1627 1222 1662 uero
1261 1627 1326 1660 an
1364 1614 1425 1661 de
1465 1612 1753 1661 huiusmodi
1792 1612 2068 1660 redditibus
2105 1613 2241 1676 exigi
2279 1613 2462 1661 debeat
2498 1612 2710 1671 decima,
2732 1610 3000 1660 consulta-

615 1696 801 1745 tionem
840 1711 869 1744 a
906 1698 1026 1746 sede
1061 1696 1345 1761 apostolica
1380 1696 1672 1759 postulasti,
1709 1711 1805 1745 nos
1844 1703 1984 1745 tuam
2021 1695 2337 1759 diligentiam
2363 1698 2795 1756 commendantes,
2816 1699 3002 1746 discre-

614 1782 737 1830 tioni
778 1788 862 1829 tue
898 1796 989 1845 per
1022 1780 1309 1845 apostolica
1345 1782 1533 1844 scripta
1568 1782 1888 1840 mandamuS,
1923 1787 2174 1843 quatenus
2211 1781 2251 1830 si
2287 1789 2565 1844 prouentus
2611 1782 2705 1845 ipsi
2754 1782 2820 1830 sit
2871 1783 3003 1832 adeo

612 1866 802 1927 magni,
840 1867 977 1928 quod
1012 1866 1306 1916 ministratis
1346 1864 1468 1915 uino
1503 1871 1555 1913 et
1590 1864 1736 1926 ostijs
1774 1865 1992 1913 multum
2023 1880 2090 1913 ex
2110 1864 2212 1914 illis
2232 1867 2436 1914 noueris
2456 1881 2738 1927 superesse,
2764 1867 3001 1915 uolumus

613 1951 749 2012 quod
786 1951 847 1999 de
886 1951 986 1999 illis
1023 1950 1314 2000 huiusmodi
1351 1949 1548 1998 decima
1584 1949 1923 2012 persoluatur.
2009 1949 2060 1998 Si
2100 1964 2222 1999 uero
2260 1949 2415 1998 nichil
2451 1950 2535 1998 uel
2571 1965 2750 2014 parum
2786 1964 2852 1997 ex
2889 1965 3002 2012 pre-

612 2034 761 2083 dictis
780 2034 1058 2083 redditibus
1086 2041 1386 2098 superesset,
1406 2034 1561 2082 nichil
1592 2033 1918 2096 persoluatur
1953 2034 2013 2081 de
2050 2033 2171 2098 ipsis
2209 2041 2418 2098 propter
2453 2034 2791 2083 reuerentiam
2828 2035 3003 2083 diuini.

611 2119 779 2166 cultus
816 2125 868 2167 et
915 2119 1107 2167 domini
1157 2125 1544 2168 sacramentum.
1632 2118 1830 2167 Datum
1881 2118 2044 2167 Rome
2099 2120 2234 2182 apud
2287 2126 2517 2167 sanctum
2569 2118 2779 2168 Petrum
2833 2134 2895 2167 .ν.
2933 2119 3001 2166 id.

615 2201 758 2264 Junij
796 2203 1123 2266 pontificatus
1159 2201 1319 2252 nostri
1356 2216 1491 2251 anno
1530 2200 1635 2263 ‚ij‘30

1328 2283 1461 2329 (ΑτοΙι.
1491 2285 1573 2324 Vnt.
1605 2286 1695 2332 neg.
1725 2285 1806 2323 Nic.
1834 2285 1890 2323 ΙΙΙ.
1921 2295 1981 2323 ιη.
2010 2285 2051 2322 ll.
2081 2296 2142 2334 ep.
2173 2282 2289 2329 ¹44).-

1396 2509 1496 2567 20.
1589 2509 1765 2567 1279.
1862 2509 2012 2567 13de
2054 2508 2215 2567 Juni.

744 2621 1004 2671 Nicolaus.
1043 2623 1196 2688 episc.
1235 2639 1275 2672 s.
1314 2640 1353 2673 s.
1393 2625 1440 2671 d.
1477 2622 1874 2674 Venerabilibus
1914 2623 2153 2673 fratribus
2200 2624 2449 2674 vniuersis
2504 2624 2897 2690 archiepiscopis
2952 2630 3003 2671 et

609 2707 860 2771 episcopis
897 2724 957 2756 ac
995 2709 1192 2757 dilectis
1230 2708 1350 2770 filijs
1388 2708 1674 2769 abbatibus,
1710 2709 1978 2771 prioribus,
2015 2710 2237 2769 decanis,
2275 2710 2661 2769 archidiaconis,
2714 2708 3001 2772 prepositiS,

610 2799 662 2841 et
697 2792 811 2854 alijs
849 2793 1176 2842 ecclesiarum
1213 2793 1422 2857 prelatis
1458 2809 1549 2857 per
1582 2794 1737 2841 Datie
1775 2801 1825 2841 et
1861 2793 2033 2843 Suetie
2082 2808 2243 2855 regna
2289 2793 2580 2842 constitutis
2633 2794 2851 2842 salutem
2903 2798 2999 2840 etc.

610 2876 792 2939 Gregis
829 2877 1066 2926 dominici
1104 2884 1337 2941 pastores
1373 2879 1637 2926 constituti
1675 2878 1951 2940 uigilanter
1984 2880 2295 2941 consurgite,
2333 2886 2521 2927 cuncta
2569 2884 2863 2940 satagentes
2901 2876 3000 2924 uir-

609 2968 732 3021 tute,
770 2969 826 3010 ut
862 2971 995 3010 terra
1030 2963 1275 3026 eripiatur
1311 2962 1544 3011 celeriter
1580 2972 1629 3011 et
1666 2960 1882 3010 feliciter
1917 2964 1979 3011 de
2015 2962 2124 3012 fera
2160 2962 2439 3011 infidelium
2488 2969 2758 3026 potestate,
2794 2962 2848 3008 in
2895 2976 3001 3029 gua

611 3045 855 3096 «Israelita
890 3047 990 3106 ille,
1028 3049 1080 3096 in
1116 3062 1217 3109 quo
1256 3045 1405 3097 dolus
1441 3061 1542 3095 non
1581 3045 1693 3105 fuit,
1748 3062 1842 3110 pro
1897 3047 2105 3095 humani
2158 3046 2502 3110 redemptione
2549 3047 2749 3109 generis
2805 3045 2999 3094 doloris

608 3139 825 3193 punctus
863 3131 1053 3180 aculeis
1090 3138 1142 3179 et
1179 3131 1335 3192 uarijs
1372 3129 1570 3191 iniurijs
1608 3130 1893 3191 lacessitus,
1930 3132 2109 3181 mortis
2147 3132 2349 3180 deuicto
2403 3130 2599 3192 aculeo,
2636 3130 2838 3194 aperuit
2895 3144 3001 3177 cre-

608 3216 843 3264 dentibus
880 3230 1037 3278 regna
1074 3215 1314 3264 celorum.
1404 3213 1516 3264 Vos
1561 3216 1764 3278 quidem
1800 3215 1959 3263 latere
1997 3231 2100 3265 non
2138 3217 2407 3274 credimus,
2445 3216 2535 3264 sed
2571 3216 2860 3264 indubitate
2897 3228 3002 3261 cer-

608 3299 837 3348 titudinis
874 3299 1230 3348 credulitatem
1264 3308 1453 3358 tenere,
1492 3300 1628 3361 quod
1668 3297 1751 3347 fel.
1814 3315 1961 3348 mem.
2023 3300 2240 3349 Romani
2297 3300 2564 3363 pontifices
2615 3299 3001 3363 predecessores

609 3385 767 3432 nostri
829 3385 882 3432 in
937 3384 1270 3448 procurandis
1324 3383 1457 3433 dicte
1512 3392 1644 3432 terre
1704 3384 1935 3432 comodis
1989 3383 2254 3445 libertatiS,
2310 3386 2500 3434 amoris
2553 3385 2746 3432 dudum
2799 3381 3002 3445 fatigati

609 3467 856 3531 suspirijs,
893 3483 995 3517 una
1032 3483 1149 3517 cum
1184 3468 1423 3518 subiectis
1469 3469 1565 3518 sibi
1603 3467 1930 3518 Christicolis
1967 3468 2179 3518 diuersis
2215 3485 2369 3533 super
2415 3470 2516 3518 hoc
2563 3469 2743 3517 salutis
2786 3465 3003 3517 consilia

609 3553 952 3616 quesiuerunt.
1023 3551 1218 3601 Verum
1253 3553 1372 3616 quia
1408 3553 1582 3603 forsan
1618 3553 1765 3616 plebe
1804 3552 2060 3601 dominica
2096 3555 2324 3603 nondum
2361 3559 2680 3617 promerente
2717 3566 2870 3615 super
2904 3551 3003 3600 hoc

608 3653 790 3687 uocem
827 3653 859 3686 a
894 3638 1104 3688 domino
1139 3638 1299 3703 proch
1337 3638 1485 3687 dolor
1520 3636 1866 3688 exauditionis
1904 3638 2097 3697 audire,
2134 3639 2214 3700 pie
2250 3638 2493 3686 memorie
2541 3636 2822 3700 Gregorius
2870 3652 3005 3700 papa

608 3723 938 3785 predecessor
974 3729 1164 3782 noster,
1202 3723 1283 3785 qui
1322 3724 1547 3772 eiusdem
1585 3729 1715 3771 terre
1752 3721 2007 3770 miseriam
2046 3723 2303 3785 corporeis
2341 3731 2683 3785 conspexerat
2720 3720 2900 3781 oculis,
2930 3720 3002 3768 illi

607 3820 700 3854 nec
736 3808 934 3865 mirum,
971 3814 1022 3854 et
1057 3822 1149 3869 pro
1187 3806 1276 3855 illa
1319 3806 1731 3857 Christianorum
1769 3804 1945 3854 effusis
1981 3806 2206 3855 lacrimis
2245 3814 2297 3856 et
2331 3806 2701 3870 multiplicibus
2739 3805 3001 3855 laboribus

609 3892 738 3939 sicut
775 3900 949 3954 pastor
984 3890 1229 3950 solicituS,
1268 3891 1348 3939 cui
1386 3892 1648 3954 potissime
1685 3893 1817 3940 dicte
1867 3896 1999 3939 terre
2054 3892 2327 3940 solicitudo
2387 3893 2708 3954 procurande
2767 3891 3001 3940 custodie

607 3975 907 4035 immineret,
942 3976 1273 4024 uehementer
1308 3976 1624 4040 compatiens
1662 3976 1973 4039 diligentius,
2011 3977 2213 4024 demum
2250 3991 2448 4038 quoque
2486 3976 2832 4034 consideranS,
2871 3977 3004 4038 quod

609 4062 673 4108 ad
710 4060 868 4124 ipsius
906 4067 1038 4108 terre
1076 4068 1346 4124 prenotate
1380 4063 1755 4124 procurandam
1792 4061 2010 4110 salutem
2059 4076 2237 4110 eorum
2290 4067 2436 4110 erant
2488 4061 2685 4109 auxilia
2733 4070 3005 4124 oportuna,

608 4145 788 4208 quibus
825 4145 993 4193 diuine
1031 4146 1311 4195 maiestatis
1348 4146 1562 4208 largitas
1598 4147 1650 4194 in
1687 4161 1778 4195 sue
1813 4146 1981 4194 laudis
2018 4145 2319 4208 obsequium
2356 4145 2610 4193 concessit
2657 4145 2794 4194 bona
2834 4144 3007 4193 omnia

609 4230 878 4289 decimare,
916 4232 1143 4279 omnium
1179 4230 1642 4280 ecclesiasticorum
1679 4238 2022 4294 prouentuum
2042 4229 2307 4288 decimam,
2330 4243 2475 4278 sacro
2501 4229 2821 4293 approbante
2848 4226 3007 4277 *con-

610 4314 726 4363 silio
762 4314 1108 4376 Lugdunensi,
1145 4315 1197 4363 in
1232 4315 1389 4379 ipsius
1428 4321 1559 4363 terre
1597 4315 1880 4363 subsidium
1919 4315 2198 4377 deputauit.
2274 4314 2438 4375 Igitur
2473 4313 2599 4362 licet
2620 4314 2831 4362 firmiter
2860 4321 3007 4362 autu-

610 4413 809 4447 mamus
846 4399 979 4461 quod
1017 4399 1158 4447 velut
1191 4400 1496 4448 sinceritatis
1533 4399 1623 4460 filij
1682 4407 1733 4448 et
1789 4398 2069 4449 Christiani
2125 4399 2345 4447 nominis
2398 4407 2765 4462 propagatores
2825 4399 3007 4448 sinceri

613 4482 848 4530 existatis
886 4482 935 4530 in
973 4484 1230 4533 solutione
1265 4485 1556 4533 huiusmodi
1593 4484 1787 4532 decime
1824 4484 2077 4542 liberaleS,
2131 4483 2489 4533 nichilominus
2546 4491 2717 4531 tamen
2770 4498 2883 4542 nos,
2923 4482 3006 4544 qui

615 4567 840 4615 eiusdem
877 4574 1007 4616 terre
1043 4569 1308 4630 negotium
1346 4570 1699 4618 deducendum
1738 4569 1802 4617 ad
1841 4576 2045 4632 portum
2084 4566 2342 4616 felicitatis
2380 4550 2556 4630 optate
2607 4567 2896 4616 bauilamus
2956 4567 3007 4615 in

615 4650 799 4698 mentis
835 4656 1010 4700 nostre
1048 4652 1194 4709 soli0,
1234 4653 1492 4713 singulare
1528 4654 1842 4702 confidentes
1879 4652 1929 4701 in
1981 4652 2203 4709 domin0,
2261 4652 2398 4712 quod
2457 4650 2641 4699 nostris
2702 4664 2852 4713 super
2908 4651 3008 4700 hoc
