3534 5361
1700 320 1818 382 133

568 711 909 804 Hecqsnnt
974 707 1295 777 beneficia
1361 729 1489 800 que
1571 716 1986 775 vaoauerunt
2063 708 2126 773 in
2208 705 2472 772 ciuitate
2554 711 2617 771 et
2695 688 3151 774 diocesiromu.

569 825 1004 897 Osloensibus
1059 824 1227 894 infra
1305 824 1648 894 Biennium
1732 823 2236 891 reseruacionis.
2365 818 2696 889 Videlicet
2777 839 2947 886 anno

1085 941 1328 1012 domini
1387 958 1506 1018 ,me
1544 956 1709 1019 cccx),
1733 942 1965 1030 xxvij‹‚³
2005 949 2069 1009 et
2124 940 2398 1027 ,xxviijq

1666 1131 1855 1187 primo

564 1218 873 1275 Prebenda
915 1217 1128 1275 Hawin
1260 1255 1791 1271 ......
2036 1264 2070 1277 ,,
2501 1261 2514 1274 ,
2581 1262 2594 1275 ,
2642 1261 2655 1275 ,

563 1316 872 1374 prebenda
916 1317 988 1374 de
1031 1316 1249 1392 Biergh
1858 1283 2274 1339 .cxxvu.marc.
2303 1282 2433 1321 cum
2459 1262 2697 1318 d1m1d1a
2719 1269 2947 1318 monete

647 1417 706 1474 in
752 1417 998 1475 ecclesia
1043 1416 1310 1478 Osloensi
1361 1457 1796 1472 .....
1937 1365 2251 1464 Nomcane‘

564 1517 1001 1594 Skoghaekyrka
1049 1559 1801 1575 ........
1809 1515 1865 1590 ij.
1911 1535 2092 1573 marc.

563 1619 635 1676 de
681 1617 887 1677 Graua
944 1660 1807 1675 .........
1814 1617 1887 1692 vj.
1935 1637 2109 1675 marc.

562 1719 918 1777 Askerkirke
1051 1759 1800 1777 ........
1803 1737 1897 1774 xv.
1944 1718 2047 1775 sol.
2093 1718 2521 1793 sterlingorum.

562 1820 776 1877 Frawn
838 1862 1805 1876 ..........
1809 1819 1847 1876 l.
1891 1819 1995 1877 sol.
2042 1819 2297 1893 sterling.

562 1920 833 1997 Tuneym
948 1962 1805 1980 .........
1812 1920 1892 1975 xl.
1940 1920 2044 1977 sol.
2088 1919 2347 1993 sterling.

562 2021 962 2096 Suartaborgh
1056 2063 1811 2078 ........
1817 2020 1896 2077 xl.
1941 2020 2045 2078 sol.
2093 2019 2351 2094 sterling.

561 2122 710 2180 Foss
837 2164 1806 2179 ..........
1815 2141 1954 2178 xxx.
2000 2121 2104 2179 sol.
2152 2120 2410 2195 sterling.

561 2223 958 2299 Heregstader
1059 2266 1813 2281 ........
1818 2241 1917 2278 xx.
1962 2220 2065 2278 sol.
2109 2221 2364 2298 sterling.

560 2322 684 2381 Hof
737 2366 1810 2382 ...........
1816 2322 1975 2397 xxvj.
2023 2323 2127 2380 sol.
2174 2342 2304 2380 cum
2350 2322 2483 2399 .viij.
2533 2326 2660 2384 den.
2684 2327 2942 2402 sterling.

560 2425 630 2482 de
672 2426 875 2501 predio
921 2428 1215 2501 prebende
1260 2428 1330 2484 de
1377 2426 1593 2501 Biergh
1685 2468 1697 2481 .
1792 2444 1864 2480 .x.
1913 2424 2018 2482 sol.
2066 2444 2195 2481 cum
2246 2424 2378 2499 .viij.
2425 2425 2555 2484 den.
2603 2428 2859 2504 sterling.

555 3049 698 3118 Hec
750 3048 1068 3120 beneficia
1126 3060 1534 3119 vacauerunt
1587 3052 1648 3118 in
1706 3051 1972 3118 ciuitate
2052 3059 2117 3118 et
2183 3047 2433 3119 diocesi
2503 3051 2947 3121 Hamarensi-

558 3165 675 3236 bus
730 3166 901 3237 infra
958 3165 1323 3262 predictum
1380 3166 1727 3236 Biennium
1784 3190 1915 3259 que
1970 3167 2308 3237 s'oluerunt
2378 3168 2692 3258 [fructus]
2754 3170 2940 3261 primi

1445 3286 1592 3354 anni
1647 3295 1722 3355 vt
1775 3286 2069 3377 sequitur

1655 3457 1842 3533 primo

560 3557 800 3634 Capelle
846 3560 917 3616 de
961 3558 1177 3616 Baelkae
1234 3601 1774 3616 ......
1780 3558 1855 3634 vj.
1900 3578 2077 3617 marc.
2122 3559 2253 3616 den.
2354 3566 2358 3570 '

560 3659 804 3734 Capella
847 3660 1016 3734 beate
1061 3659 1320 3735 Virginis
1387 3660 1458 3717 de
1503 3658 1668 3719 Gron
1761 3680 1834 3718 .v.
1879 3679 2055 3718 marc.
2102 3661 2231 3718 den.

558 3761 827 3819 Ecclesia
869 3761 1024 3819 beati
1065 3762 1306 3818 Andree
1352 3763 1423 3818 de
1468 3761 1591 3819 Hof
1657 3806 1668 3817 .
1765 3761 1862 3818 .ix.
1905 3780 2083 3819 marc,
2129 3763 2257 3819 den.

557 3862 824 3921 Ecclesia
868 3862 1021 3919 beati
1057 3863 1218 3920 Petri
1264 3863 1335 3920 de
1357 3863 1671 3921 Rumadall
1760 3861 1851 3936 .vj.
1900 3882 2074 3920 marc.
2112 3883 2167 3919 v.
2208 3883 2287 3921 or.
2341 3883 2471 3921 cum
2540 3864 2779 3922 dimidia
2840 3866 2938 3921 de·

1861 3983 2170 4021 nanorum.

556 4066 865 4123 Prebenda
903 4085 1119 4124 vacans
1157 4086 1261 4142 per
1292 4075 1534 4123 mortem
1561 4066 1664 4123 do·

641 4168 778 4224 mini
820 4167 1035 4224 Euindi
1126 4210 1774 4224 .......
1781 4188 1836 4224 v.
1884 4185 2059 4224 marc.
2105 4167 2235 4223 den.

556 4269 823 4327 Ecclesia
847 4269 1000 4326 beati
1021 4268 1195 4327 Olaui
1222 4270 1292 4327 de
1306 4269 1698 4344 Ringhisager
1766 4288 1882 4326 .xv.
1931 4288 2106 4326 marc.
2153 4268 2281 4325 den.
