3534 5361
330 576 381 612 tol
401 574 505 612 56.b.

341 3605 407 3642 fol.
424 3602 523 3640 57.a.

1654 371 1732 428 86

703 562 850 618 Item
897 580 1048 617 anno
1094 578 1210 636 quo
1255 576 1449 633 supra.
1499 558 1589 614 die
1638 562 1760 613 ,xv⁸.
1804 555 1964 629 Maij.
2053 556 2271 629 Recepi
2318 576 2353 612 a
2398 554 2525 612 d'nis
2569 553 2797 611 Thoma
2820 572 2909 609 ar-

534 664 899 738 chidyacono
945 671 1001 718 et
1044 662 1314 719 Johanne
1358 660 1428 715 de
1474 669 1674 716 sancta
1721 655 2028 724 Trinitate,
2074 657 2352 714 canonico
2413 655 2654 714 ecclesie
2720 655 2911 728 Vpsa-

531 764 706 823 lensis
751 762 1157 821 collectoribus
1201 760 1490 818 fructuum
1539 757 1703 832 primi
1730 757 1864 814 anni
1891 757 2298 815 beneficiorum
2321 756 2663 814 vacancium
2695 754 2911 810 dudum

532 886 638 943 per
679 864 986 922 Biennium
1033 863 1088 918 in
1137 861 1371 918 ciuitate
1419 869 1475 915 et
1520 858 1734 916 diocesi
1781 858 2201 934 Vpsalensibus
2368 857 2540 932 ‚ciiijq‘
2573 876 2744 913 marc.
2782 875 2911 912 cum

534 967 611 1041 .ij.
658 965 858 1025 solidis
901 962 1140 1037 argenti.
1185 970 1523 1035 computata
1568 959 1828 1035 qualibet
1874 978 2070 1016 marca
2114 959 2335 1034 argenti
2397 979 2502 1034 pro
2569 980 2639 1018 .v.
2708 961 2914 1019 marcis

535 1069 664 1127 den.
710 1067 1056 1126 Sueuorum.

533 1268 616 1327 cis
663 1278 720 1325 et
763 1268 898 1323 dim.
948 1266 1077 1321 den.
1126 1265 1475 1322 Sueuorum.

701 1369 847 1425 Item
897 1365 1171 1439 ‚cxxxvij.
1216 1366 1461 1421 florenos
1507 1363 1649 1420 auri.
1700 1371 2065 1438 computatos
2111 1382 2215 1437 pro
2255 1363 2557 1421 .clxxxxix
2617 1365 2824 1421 marcis
2861 1375 2916 1422 et

533 1469 611 1543 .ij.
662 1468 859 1527 solidis
905 1470 1032 1526 den.
1081 1468 1429 1526 Sueuorum.

702 1571 852 1627 Item
901 1606 973 1612 -
1023 1566 1160 1641 ,xiij.
1209 1585 1436 1623 marcas
1479 1565 1608 1620 den.
1659 1564 2004 1624 Sueuorum.

1199 1667 1446 1743 Recepit
1477 1665 1928 1741 jnstrumentum
1974 1667 2254 1725 Jacobus.

703 1874 846 1930 Item
893 1890 1045 1929 anno
1089 1889 1204 1944 quo
1249 1890 1441 1944 supra.
1493 1869 1583 1925 die
1629 1869 1807 1943 .xxiij.
1871 1869 2081 1926 mensis
2146 1868 2307 1942 Maij.
2418 1870 2633 1945 Recepi
2702 1892 2737 1927 a
2803 1872 2917 1928 dfio

536 1976 724 2033 Elauo
771 1972 1051 2032 canonico
1090 1970 1350 2028 Aboensi
1398 1969 1631 2026 nomine
1677 1970 1773 2026 dfii
1820 1970 2097 2046 Episcopi
2153 1971 2445 2028 Aboensis
2502 1972 2572 2027 de
2636 1970 2917 2030 fructibus

536 2075 944 2133 beneficiorum
995 2072 1336 2131 vacancium
1389 2072 1443 2127 in
1483 2071 1720 2129 ciuitate
1766 2080 1824 2127 et
1869 2072 2084 2129 diocesi
2140 2073 2512 2131 Aboensibus
2575 2092 2677 2147 per
2746 2073 2916 2130 Bien-

536 2178 693 2235 nium
750 2205 812 2212 —-
867 2174 1005 2251 .xiij.
1053 2174 1155 2232 sol.
1204 2193 1334 2231 cum
1381 2172 1492 2246 fiiij.
1541 2173 1668 2229 den.
1711 2192 1896 2247 gross.
1939 2172 2383 2231 Turonensium.
2433 2184 2767 2248 computato
2814 2195 2917 2250 pro

538 2299 654 2336 ,xv.
700 2278 910 2336 marcis
957 2278 1090 2334 den.
1139 2277 1486 2334 Sueuorum.

1203 2376 1451 2453 Recepit
1481 2375 1933 2450 ⁸instrumentum
1979 2376 2257 2435 Jacobus.

1456 2555 1679 2757 §.ciiijv
1729 2580 1905 2618 marc.
1954 2572 2011 2618 et
2053 2562 2122 2636 .ij.
2167 2563 2270 2619 sol.
2311 2581 2431 2636 arg.
2455 2563 2725 2638 ponderis
2748 2564 2918 2623 Stok·

1586 2646 1918 2705 holmensis.

539 2725 672 2805 [αμ]
755 2732 995 2789 Summa
1028 2733 1198 2790 huius
1238 2732 1782 2969 pagine-[cxxxvii.
1830 2731 1952 2789 flor.
1998 2732 2141 2789 auri.

1503 2900 1634 2975 ‚xiij.
1681 2922 1858 2961 marc.
1902 2912 2132 2961 monete
2178 2901 2447 2961 Sueuice.

668 3582 782 3658 De
849 3581 1108 3659 debitis
1174 3609 1265 3659 ex
1332 3608 1763 3686 quacunque
1830 3609 2083 3684 causan
2139 3596 2352 3661 tenor
2415 3584 2798 3659 litterarum

1259 3720 1591 3820 sequitur
1652 3722 1769 3820 qui
1845 3720 2000 3795 talis
2066 3732 2200 3797 est.

703 3901 1004 3959 Johannes
1071 3900 1377 3976 episcopus
1443 3920 1646 3958 seruus
1713 3922 2013 3960 seruorum
2081 3903 2192 3974 dei,
2255 3903 2489 3961 Dilecto
2556 3904 2675 3960 filio
2740 3905 2919 3961 Petro

538 4000 808 4077 Geruasij
857 4002 1138 4060 canonico
1181 4002 1513 4060 Viuariensi
1559 4004 1877 4078 apostolice
1922 4004 2073 4063 sedis
2112 4004 2345 4074 nunci0,
2371 4004 2630 4063 Salutem
2678 4014 2730 4061 et
2775 4025 2915 4080 apo-

535 4102 800 4160 stolicam
840 4103 1326 4161 benediccionem.
1416 4104 1772 4179 Accepimus
1818 4126 2003 4180 nuper
2046 4107 2201 4181 quod
2260 4106 2518 4163 nonnulli
2577 4106 2795 4163 Prelati
2864 4116 2919 4162 et.

537 4223 781 4280 persone
827 4206 1213 4263 ecclesiastice
1259 4205 1316 4261 in
1356 4206 1693 4281 Norwegie‚
1739 4207 1947 4266 Suecie
1994 4218 2051 4264 et
2096 4206 2282 4266 Grocie
2326 4207 2543 4282 Regnis
2602 4206 2916 4264 consisten-

535 4315 623 4363 tes
665 4306 723 4362 in
770 4306 1010 4365 diuersis
1057 4306 1433 4381 pecuniarum
1480 4308 1717 4365 summis
1763 4328 1838 4365 ex
1883 4309 2071 4367 causis
2116 4309 2359 4367 diuersis
2426 4328 2653 4365 camere
2724 4320 2916 4365 nostre

535 4416 817 4465 tenentur.
851 4409 977 4465 Nos
1021 4418 1214 4464 autem
1259 4409 1518 4468 volentes
1564 4409 1742 4485 ipsius
1786 4430 2014 4468 camere
2057 4411 2568 4487 indempnitatibus
2614 4410 2912 4485 precaueri

536 4508 892 4566 Discrecioni
949 4519 1047 4567 tue
1093 4530 1195 4584 per
1239 4510 1561 4585 apostolica
1604 4512 1821 4585 scripta
1866 4511 2273 4569 committimus
2318 4521 2373 4568 et
2399 4512 2739 4569 mandamus
2764 4531 2911 4586 qua·

535 4619 702 4667 tenus
742 4629 918 4685 super
960 4610 1066 4684 hijs
1111 4622 1167 4668 et
1212 4632 1279 4667 ea
1324 4612 1760 4686 quomodolibet
1805 4613 2172 4687 tangentibus
2218 4613 2528 4670 summarie
2572 4612 2911 4687 simplicit-er

537 4722 593 4769 et
637 4713 708 4768 de
752 4712 927 4787 plano
973 4732 1043 4769 ac
1088 4713 1208 4770 sine
1253 4714 1495 4789 strepitu
1541 4725 1598 4770 et
1637 4716 1823 4789 figura
1870 4713 2075 4787 judicij
2136 4725 2191 4770 te
2256 4714 2568 4771 informans
2637 4714 2913 4789 pecunias
