3534 5361
1668 368 1785 426 139

527 556 578 598 et
613 551 748 613 quod
783 565 875 615 per
910 551 1043 602 sedis
1081 550 1363 614 apostolice
1398 550 1613 608 litteras,
1650 550 1731 598 vel
1765 551 2055 613 legatorum
2107 550 2267 615 ipsius
2321 557 2468 600 extra
2504 567 2623 601 suas
2678 551 2918 613 dioceses,

526 634 622 683 nisi
659 635 746 684 ille
783 650 879 698 que
915 636 981 685 ab
1018 636 1194 684 eadem
1232 637 1352 684 sede
1390 635 1596 684 obtente
1634 633 1838 696 fuerint,
1875 635 2079 699 plenam
2117 636 2177 683 de
2213 635 2501 684 huiusmodi
2540 636 2736 684 indulto
2778 651 2919 685 men-

530 719 720 768 tionem
757 718 985 780 fecerint,
1025 735 1126 769 non
1163 720 1368 768 valeant
1420 719 1694 778 conueniri‚
1746 720 2022 768 dummodo
2077 721 2245 783 parati
2310 720 2538 770 existant
2590 736 2765 770 eoram
2814 721 2921 770 suis

531 803 801 866 ordinarijs
839 805 900 853 de
938 819 991 851 se
1047 805 1424 867 querelantibus
1471 808 1795 870 respondere,
1851 819 1975 868 quos
2035 819 2125 867 per
2183 818 2275 852 vos
2330 803 2394 852 ab
2446 803 2510 866 ijs
2568 805 2920 855 ecclesiastica

531 901 746 936 censura
782 888 985 937 defendi
1025 897 1251 936 cessante
1290 890 1644 953 appellationis
1703 888 1973 939 obstaculo
2017 889 2271 947 volumus,
2333 889 2416 951 qui
2474 889 2682 938 eosdem
2742 898 2921 938 contra

531 972 785 1021 indultum
820 972 1111 1021 huiusmodi
1149 974 1443 1035 predictaue
1502 974 1772 1038 priuilegia
1823 980 1874 1021 et
1926 972 2257 1035 protectionis
2311 980 2483 1021 nostre
2538 980 2765 1022 tenorem
2813 988 2924 1037 pre-

534 1056 842 1120 sumpserint
876 1065 1064 1107 temere
1100 1057 1393 1119 molestare,
1443 1057 1518 1105 ita
1572 1064 1743 1105 tamen
1797 1058 1932 1119 quod
1988 1056 2168 1118 aliquis
2208 1064 2426 1105 vestrum
2465 1059 2528 1106 de
2562 1057 2625 1119 ijs
2663 1073 2760 1121 que
2796 1057 2925 1106 iudi-

534 1140 715 1188 cialem
750 1140 1045 1203 indaginem
1092 1142 1323 1204 exigunt,
1361 1150 1413 1190 et
1465 1141 1718 1190 indultum
1772 1140 2105 1204 priuilegiaue
2166 1140 2476 1201 huiusmodi,
2534 1157 2622 1190 seu
2684 1156 2925 1205 personas

535 1222 755 1272 familias
792 1233 843 1274 et
874 1225 1013 1275 bona
1065 1228 1538 1289 crucesignatorum
1586 1226 1810 1290 ipsorum
1864 1239 1967 1272 non
2027 1224 2348 1287 contingunt,
2408 1242 2460 1274 se
2518 1226 2571 1274 in
2626 1227 2724 1274 hac
2782 1234 2926 1290 parte

536 1306 827 1357 nullatenus
863 1309 1219 1359 intromittant.
1311 1311 1364 1361 Si
1401 1311 1483 1373 qui
1522 1325 1642 1359 vero
1680 1310 1802 1358 illuc
1837 1309 2272 1372 proficiscentium
2310 1311 2374 1358 ad
2410 1312 2710 1374 prestandas
2748 1326 2927 1361 vsuras

537 1390 825 1441 iuramento
864 1401 1100 1444 tenentur
1137 1395 1351 1454 astricti,
1390 1393 1665 1443 creditores
1707 1408 1882 1442 eorum
1918 1408 2009 1456 per
2039 1409 2131 1442 vos
2169 1394 2248 1442 vel
2284 1394 2413 1443 alios
2451 1395 2654 1444 sublato
2702 1395 2928 1463 appella-

540 1474 694 1524 tionis
733 1477 1000 1528 obstaculo
1039 1479 1354 1528 districtione
1393 1479 1560 1539 simili,
1596 1486 1651 1526 vt
1684 1477 1974 1526 iuramenta
2017 1478 2304 1526 huiusmodi
2358 1479 2557 1541 penitus
2619 1479 2928 1539 relaxantes,

540 1559 604 1607 ab
640 1574 905 1611 vsurarum
943 1563 1150 1612 vlterius
1188 1564 1463 1612 exactione
1501 1565 1762 1613 desistant.
1838 1563 1892 1613 Si
1946 1571 2114 1612 autem
2170 1564 2432 1624 quisquam
2484 1565 2790 1613 creditorum
2844 1578 2929 1614 eos

541 1644 605 1692 ad
644 1645 954 1695 solutionem
991 1648 1217 1708 coegerit
1252 1662 1534 1706 vsurarum,
1571 1649 1735 1711 ipsum
1774 1648 1837 1696 ad
1876 1649 2249 1697 restitutionem
2287 1662 2461 1697 earum
2509 1650 2685 1697 eadem
2733 1647 2930 1698 distric-

542 1729 682 1777 tione
719 1731 924 1781 sublato
962 1731 1319 1795 appellationis
1357 1732 1624 1781 obstaculo
1662 1732 1997 1795 compellatis
2072 1733 2257 1780 Indeos
2284 1747 2484 1794 quoque
2510 1734 2575 1781 ad
2602 1734 2929 1782 remittendas

543 1812 666 1877 ipsis
702 1829 881 1864 vsuras
918 1831 1007 1880 per
1043 1816 1322 1865 secularem
1360 1816 1595 1878 compelli
1632 1819 1947 1880 precepimus
1985 1823 2307 1880 potestatem,
2344 1823 2395 1863 et
2431 1817 2593 1865 donec
2645 1831 2731 1864 eas
2785 1816 2931 1864 remi-

545 1898 703 1945 serint
739 1899 804 1947 ab
841 1900 1074 1948 omnibus
1114 1899 1305 1949 Christi
1340 1900 1574 1949 fidelibus
1614 1909 1714 1949 tam
1753 1901 1802 1949 in
1842 1899 2190 1961 mercimonijs
2228 1913 2378 1961 quam
2415 1899 2533 1961 alijs
2570 1900 2663 1948 sub
2716 1915 2931 1949 excom-

547 1981 911 2033 municationis
948 2000 1079 2048 pena
1134 1985 1363 2035 iubemus
1411 1986 1818 2034 communionem
1872 1986 1972 2034 illis
2027 1985 2373 2034 omnimodam
2426 1985 2677 2047 denegari.
2770 1985 2931 2035 Porro

546 2066 612 2114 ad
646 2067 935 2118 huiusmodi
972 2070 1117 2118 ardui
1153 2078 1205 2119 et
1240 2069 1455 2119 salubris
1491 2070 1682 2132 negotij
1721 2071 2005 2119 efficaciam
2042 2070 2339 2134 pleniorem,
2392 2076 2446 2118 vt
2503 2085 2591 2118 vos
2646 2084 2932 2119 conuocare

546 2150 749 2213 possitis
798 2153 960 2203 eleros
997 2162 1049 2203 et
1084 2156 1301 2219 populos
1338 2157 1404 2204 ad
1440 2170 1788 2218 quemcunque
1837 2152 2099 2202 volueritis
2146 2154 2315 2203 locum
2369 2154 2625 2214 idoneum,
2662 2163 2713 2203 et
2746 2155 2932 2204 ibidem

546 2235 755 2284 verbum
807 2239 970 2287 erucis
1022 2255 1326 2304 proponere,
1362 2256 1422 2289 ac
1459 2239 1690 2288 fidelibus
1728 2255 1844 2288 vere
1881 2238 2220 2303 penitentibus
2258 2248 2308 2287 et
2353 2239 2597 2289 confessis
2651 2240 2715 2287 ad
2769 2239 2933 2303 predi-

551 2319 805 2369 cationem
840 2322 1133 2371 huiusmodi
1187 2325 1623 2383 conuenientibus,
1671 2324 1932 2387 ipsamque
1987 2322 2309 2372 audientibus
2363 2331 2670 2381 reuerenter,
2731 2332 2933 2372 eentum

551 2404 656 2453 dies
694 2406 755 2453 dc
792 2406 1028 2456 iniunctis
1066 2408 1137 2457 eis
1175 2409 1466 2472 penitentijs
1504 2409 1754 2464 relaxare,
1796 2410 2048 2471 quodque,
2085 2408 2226 2457 vobis
2281 2414 2332 2455 et
2383 2407 2563 2456 vestris
2621 2405 2829 2470 familijs
2882 2408 2936 2456 in

552 2488 781 2538 ecclesiis
827 2492 1177 2544 ecclesiastico
1223 2494 1491 2543 interdicto
1530 2494 1826 2557 suppositiS‚
1864 2491 2320 2542 excommunicatis
2357 2500 2407 2541 et
2440 2492 2723 2542 interdictis
2758 2493 2934 2542 exelu-

553 2573 638 2633 sis,
678 2588 781 2622 non
817 2576 1032 2640 pulsatis
1070 2579 1346 2641 campanis,
1382 2593 1507 2627 voce
1555 2576 1824 2636 submissa,
1880 2585 1931 2625 et
1983 2578 2144 2625 ianuis
2207 2577 2393 2625 clausis
2447 2576 2618 2625 diuina
2678 2578 2934 2626 celebrare

553 2655 727 2708 officia
763 2666 813 2709 et
847 2658 1016 2710 faeere
1051 2661 1311 2725 celebrari,
1349 2679 1409 2713 ac
1468 2663 1669 2728 populis
1724 2677 2009 2727 proponere
2069 2662 2277 2710 verbum
2332 2659 2511 2721 erueiS,
2565 2668 2717 2725 atque
2772 2662 2935 2712 erucis

554 2743 846 2794 charactere
881 2747 1147 2809 insignitos
1184 2749 1249 2796 ab
1286 2749 1817 2798 excommunicatione
1854 2764 2003 2812 quam
2039 2763 2130 2812 pro
2167 2761 2247 2807 e0,
2290 2748 2427 2809 quod
2477 2747 2803 2811 sepulchrum
2840 2748 2931 2796 do-

553 2827 792 2879 minicum
845 2840 1024 2881 eontra
1082 2832 1477 2895 prohibitionem
1529 2835 1819 2896 legatorum
1872 2832 2005 2882 sedis
2059 2832 2340 2896 apostolice
2395 2832 2677 2891 visitarunt,
2734 2839 2785 2880 et
2818 2831 2935 2880 illos

554 2914 709 2963 etiam
745 2916 829 2977 qui
866 2931 978 2965 eam
1009 2934 1101 2980 pro
1139 2932 1200 2966 eo
1237 2919 1373 2980 quod
1409 2918 1703 2968 Sarracenis
1740 2933 1932 2967 merces
1969 2924 2319 2981 portauerant,
2381 2927 2431 2965 et
2483 2931 2625 2965 arma
2684 2930 2774 2963 seu
2834 2915 2937 2963 alia

553 3000 813 3062 prohibita
846 3002 927 3050 vel
964 3002 1155 3050 eisdem
1191 3010 1369 3051 contra
1422 3001 1741 3051 Christianos
1795 3003 2150 3065 impenderunt
2208 2999 2475 3061 auxilium,
2536 3000 2802 3049 consilium
2856 2999 2937 3048 vel

554 3082 809 3145 fanorum,
847 3088 1122 3136 dummodo
1156 3086 1393 3149 quicquid
1429 3101 1495 3134 ex
1531 3085 1823 3134 huiusmodi
1874 3087 2115 3134 damnato
2168 3084 2482 3146 aequisiuere
2530 3086 2849 3145 commercio,
2889 3092 2940 3133 et

555 3170 694 3218 aliud
731 3173 1048 3220 tantumdem
1085 3173 1146 3220 de
1184 3170 1287 3219 suis
1343 3170 1674 3220 facultatibus
1722 3170 1775 3218 in
1831 3169 2064 3218 manibus
2123 3168 2303 3217 vestris
2362 3168 2640 3230 assignent,
2699 3169 2752 3217 in
2806 3175 2938 3218 terre

553 3255 776 3317 predicte
813 3256 1095 3304 subsidium
1131 3256 1545 3315 conuertendum‚
1584 3270 1677 3303 nec
1713 3271 1815 3304 non
1853 3263 1955 3303 tam
1994 3253 2205 3303 clericos
2261 3269 2411 3316 quam
2464 3254 2623 3302 laicos
2684 3253 2938 3315 crucesig-

553 3342 768 3402 nandOS,
805 3341 890 3405 qui
926 3356 1018 3404 pro
1053 3341 1279 3390 violenta
1312 3340 1586 3389 iniectione
1623 3356 1867 3389 manuum
1902 3341 1951 3388 in
1988 3338 2199 3387 elericos
2237 3338 2490 3387 seculares
2536 3337 2767 3399 virosque
2820 3336 2936 3385 reli-

556 3425 748 3488 giOSOS,
784 3427 864 3475 vel
900 3441 992 3492 pro
1026 3426 1261 3475 incendio
1298 3440 1389 3474 seu
1427 3426 1693 3488 sacrilegio
1731 3425 2019 3473 inciderunt
2053 3424 2104 3471 in
2142 3437 2388 3472 canonem
2427 3421 2676 3471 sententie
2714 3421 2939 3485 promul-

555 3518 689 3573 gate,
727 3510 995 3559 absoluere
1030 3510 1179 3558 iuxta
1215 3509 1431 3559 formam
1468 3504 1678 3559 ecclesie
1717 3509 1824 3557 vice
1877 3515 2069 3566 nostra,
2105 3507 2203 3555 illis
2253 3506 2498 3570 exceptis,
2535 3521 2751 3569 quorum
2788 3504 2941 3555 suerit

555 3610 797 3644 excessus
835 3594 1055 3644 difficilis
1093 3606 1144 3644 et
1182 3594 1418 3653 enormis,
1455 3603 1505 3642 et
1541 3608 1656 3643 cum
1711 3593 1909 3642 clericis
1953 3591 2337 3653 crucesignatiS,
2375 3591 2458 3654 qui
2496 3605 2609 3639 eum
2648 3605 2941 3640 exeommu-

555 3681 824 3731 nicationis
862 3679 1168 3729 sententiam
1202 3680 1364 3727 latam
1400 3694 1430 3727 a
1478 3693 1675 3727 canone
1728 3678 1809 3726 vel
1863 3678 1925 3726 ab
1979 3676 2186 3725 homine
2239 3676 2585 3733 incurrissent,
2642 3690 2695 3723 se
2755 3674 2940 3723 diuinis

553 3765 938 3813 immiscuerunt
975 3763 1159 3826 officijs
1195 3772 1246 3812 et
1281 3771 1579 3826 receperunt
1614 3764 1815 3811 ordines
1870 3763 1942 3811 sic
1986 3761 2149 3823 ligati,
2205 3760 2479 3809 dummodo
2538 3760 2701 3823 passis
2756 3760 2941 3808 damna

554 3850 636 3897 vel
671 3850 879 3899 iniurias
918 3847 1237 3898 satisfaciant
1273 3855 1634 3912 competenter,
1671 3854 1722 3896 et
1757 3848 2017 3909 negotium
2053 3845 2343 3894 huiusmodi
2393 3845 2445 3894 in
2499 3844 2720 3908 proprijs
2768 3859 2942 3908 prose-

558 3941 779 3998 quantur
825 3933 1071 3997 personis‚
1107 3932 1188 3981 vel
1224 3933 1290 3982 ad
1325 3932 1425 3981 hoe
1463 3934 1701 3996 expensis
1739 3931 1843 3980 suis
1880 3931 2091 3979 idoneos
2127 3929 2403 3978 bellatores
2458 3930 2824 3987 transmittant,
2861 3929 2944 3978 vel

557 4021 620 4068 de
654 4019 801 4069 bonis
836 4018 1055 4082 proprijs
1093 4019 1241 4067 iuxta
1275 4018 1408 4065 idern
1447 4016 1712 4064 arbitrium
1750 4016 1960 4078 aliquod
1998 4015 2292 4079 impendant
2328 4014 2627 4072 subsidium,
2649 4013 2942 4076 dispensare

556 4105 763 4169 possitis
800 4103 1103 4152 auctoritate
1139 4102 1439 4166 apostolica,
1474 4101 1619 4150 vobis
1674 4102 1915 4150 duximus
1954 4100 2346 4148 concedendum.
2424 4099 2678 4147 Praeterea
2714 4097 2945 4146 nonnulli

546 4187 726 4237 clerici
764 4195 814 4237 et
847 4188 966 4237 laici
1001 4201 1103 4235 non
1140 4186 1337 4234 ratione
1393 4186 1719 4234 ecclesiarum
1775 4185 1983 4248 pacifice
2033 4190 2083 4231 et
2131 4182 2239 4231 sine
2289 4183 2656 4240 controuersia,
2696 4184 2943 4245 quasdam

559 4273 794 4321 dicantur
829 4272 1050 4321 decimas
1088 4271 1361 4334 possidere,
1400 4271 1535 4333 quod
1574 4271 1714 4318 vobis
1751 4272 1816 4318 sit
1852 4269 2084 4317 liberium
2122 4269 2183 4316 de
2222 4266 2467 4316 fructibus
2506 4268 2778 4316 earundem
2834 4281 2945 4330 per-

559 4357 719 4422 ceptis
756 4359 1004 4407 hactenus
1042 4357 1230 4405 eisdem
1269 4356 1465 4403 clericis
1503 4363 1553 4403 et
1590 4355 1734 4404 laicis
1774 4354 2026 4402 dimittere
2060 4352 2287 4415 quintam
2324 4359 2518 4416 partem
2579 4353 2767 4400 eisdem
2822 4366 2944 4400 con·-

559 4443 756 4501 cedere,
796 4443 928 4505 quod
966 4442 1221 4489 residuum
1258 4438 1515 4487 fructuum
1553 4441 1830 4488 eorundem
1877 4439 1928 4487 in
1976 4436 2258 4502 predictum
2313 4442 2611 4484 conuertere
2664 4435 2944 4485 subsidium

559 4543 650 4591 per
685 4526 854 4589 seipos
891 4526 972 4574 vel
1008 4525 1152 4573 vobis
1194 4525 1233 4573 si
1272 4523 1526 4572 voluerint
1562 4526 1806 4572 exhihere
1840 4523 1892 4571 in
1926 4523 2059 4571 idem
2109 4520 2372 4583 negotium
2418 4523 2839 4582 conuertendum,
2876 4522 2948 4569 ita

560 4613 696 4675 quod
731 4610 826 4674 ipsi
862 4611 926 4658 ad
965 4609 1337 4659 restitutionem
1374 4608 1528 4656 aliam
1567 4609 1627 4657 de
1677 4609 1935 4671 premissis
1992 4606 2226 4656 omnibus
2280 4605 2483 4654 minime
2538 4613 2820 4665 teneantur,
2858 4606 2946 4653 sed

560 4696 677 4744 inde
712 4702 957 4743 maneant
990 4696 1191 4758 penitus
1229 4693 1478 4753 absoluti3
1518 4693 1795 4742 dummodo
1833 4691 2054 4739 decimas
2109 4691 2246 4754 ipsas
2298 4688 2525 4751 ecelesijs
2578 4689 2840 4737 dimittant
2894 4689 2945 4735 in
