3534 5361
1668 357 1783 415 141

1251 577 1304 632 2.
1402 576 1580 633 1274.
1670 575 1826 632 21de
1871 575 2228 650 September.

673 721 953 785 Gregorius
990 723 1260 785 episcopus
1297 738 1479 772 seruus
1515 738 1782 773 seruorum
1820 723 1901 772 dei
1946 724 2226 773 venerabili
2271 721 2416 772 fratri
2470 722 2697 772 Johanni
2747 722 2930 771 Archi-

534 806 775 870 episcopo
812 805 1128 856 Nidrosiensi
1164 808 1400 856 salutem.
1476 806 1685 867 Quanto
1723 809 2018 856 estimamus
2058 809 2320 869 negotium
2349 816 2481 856 terre
2517 815 2692 854 sancte
2712 806 2932 869 solemp-

534 892 666 952 niuS‚
701 900 993 953 quantoque
1027 893 1192 954 magis
1229 892 1419 940 insidet
1455 892 1595 940 cordi
1633 901 1825 952 nostro,
1863 899 2009 940 tanto
2046 891 2264 954 amplius
2291 891 2356 939 ad
2387 892 2744 940 executionem
2772 890 2930 953 ipsius

535 981 587 1023 et
623 989 799 1023 eorum
837 990 932 1038 qne
969 981 1213 1040 spectant,
1240 977 1304 1024 ad
1340 977 1509 1038 ipsum
1545 990 1791 1037 personas
1830 976 2120 1036 idonejores
2146 975 2474 1037 exquirimuS,
2491 975 2619 1022 illud
2645 974 2932 1038 specialiter

532 1058 584 1107 in
621 1074 795 1108 earum
830 1060 1110 1108 idoneitate
1147 1069 1431 1122 querentes,
1469 1067 1527 1107 ut
1561 1059 1811 1109 fidelitate
1847 1075 1908 1110 ac
1950 1062 2222 1124 prudentia
2263 1058 2473 1120 vigeant
2498 1059 2677 1108 etzelo
2700 1057 2931 1107 ferveant

533 1144 600 1192 ad
634 1144 769 1193 idem
803 1144 1070 1207 negotium
1107 1146 1532 1207 prosequendum.
1628 1144 1738 1193 Hec
1792 1145 1854 1193 de
1906 1159 2126 1208 persona
2174 1153 2263 1193 tua
2311 1143 2568 1192 laudabile
2604 1142 2751 1191 nobis
2789 1143 2929 1191 testi-

531 1228 757 1277 monium
810 1244 841 1277 a
892 1228 1163 1289 fidedignis
1217 1229 1502 1277 exhibitum
1559 1229 1848 1291 pollicetur.
1969 1231 2102 1279 Cum
2158 1230 2347 1291 itaque,
2408 1227 2722 1291 approbante
2781 1241 2928 1276 sacro

531 1313 757 1374 generali
799 1312 1018 1361 concilio
1062 1326 1225 1374 nuper
1260 1320 1578 1377 congregato
1614 1313 1873 1375 Lugduni,
1912 1315 2160 1361 decimam
2198 1313 2426 1362 omnium
2462 1310 2924 1361 ecclesiasticorum

531 1397 818 1445 reddituum
856 1404 908 1444 et
941 1404 1283 1459 prouentuum
1323 1398 1388 1446 ad
1425 1404 1556 1446 terre
1591 1399 1825 1459 predicte
1861 1398 2143 1447 subsidium
2196 1413 2286 1461 per
2354 1413 2446 1447 sex
2492 1412 2656 1445 annos
2710 1411 2741 1444 a
2793 1395 2925 1445 sesto

528 1480 816 1530 natiuitatis
851 1480 989 1529 beati
1026 1480 1280 1530 «Iohannis
1329 1481 1564 1545 Baptiste
1600 1490 1861 1531 transacto
1910 1483 2187 1532 nouissime
2235 1481 2576 1530 numerandos
2630 1481 2924 1529 duxerimus

530 1566 922 1626 concedendam,
961 1564 1266 1614 fraternitati
1304 1575 1405 1623 tue,
1444 1569 1754 1629 presentium
1796 1567 2122 1625 auctoritate,
2161 1566 2478 1623 mandamus,
2516 1573 2765 1627 quatenus
2801 1579 2924 1628 pre-

531 1650 665 1699 dicte
702 1649 896 1698 decime
932 1650 1221 1712 colligendo
1258 1651 1309 1699 in
1348 1652 1581 1700 omnibus
1621 1651 1851 1714 partibus
1871 1652 2014 1714 regni
2032 1649 2302 1713 Norwegie
2323 1648 2610 1712 subscripto
2629 1648 2923 1697 modo-sol-

527 1735 667 1784 licite
704 1748 878 1784 euram
915 1748 1079 1796 geras,
1115 1736 1352 1784 videlicet
1386 1744 1443 1784 ut
1476 1737 1529 1784 in
1567 1736 1781 1798 singulis
1809 1735 2102 1785 ciuitatibus
2129 1743 2181 1784 et
2205 1735 2492 1784 diocesibus
2518 1734 2664 1795 regni
2691 1732 2924 1794 ejusdem

529 1819 592 1867 de
629 1817 844 1867 consilio
879 1817 1112 1866 locorum
1148 1819 1407 1878 ordinarii,
1434 1827 1525 1867 aut
1560 1820 1922 1882 vicesgerentis
1958 1821 2000 1867 si
2037 1820 2339 1868 diocesanus
2376 1821 2483 1880 ipse
2535 1818 2718 1866 absens
2754 1815 2924 1877 fuerit,

529 1904 572 1951 ἃ
607 1904 825 1951 duorum
859 1901 958 1950 fide
998 1903 1266 1963 dignorum
1312 1904 1374 1951 de
1427 1904 1646 1951 eeclesia
1699 1904 1981 1952 cathedrali
2029 1904 2427 1952 constitutorum
2480 1904 2533 1951 in
2586 1901 2922 1964 dignitatibus

529 2002 619 2037 seu
656 1988 872 2037 aliorum
911 1988 1079 2048 quoad
1113 2001 1216 2035 non
1253 1994 1540 2049 exemptOS,
1579 1989 1749 2050 quoad
1786 1995 2050 2052 exemptos
2086 2002 2206 2036 vero
2259 1990 2321 2036 de
2373 1987 2590 2036 consilio
2636 1986 2923 2048 aliquorum

529 2071 807 2136 proborum
845 2071 906 2118 de
943 2078 1215 2119 contractu
1233 2073 1443 2133 deputes
1469 2072 1595 2119 duas
1620 2088 1865 2134 personas
1890 2074 1989 2122 fide
2010 2081 2061 2121 et
2079 2071 2427 2132 facultatibus,
2448 2074 2489 2120 si
2509 2071 2638 2120 tales
2658 2071 2924 2119 inuenian-

528 2164 626 2216 tur‚
664 2156 934 2205 commode
983 2169 1044 2203 ac
1097 2156 1280 2205 idonee
1332 2156 1397 2203 ad
1452 2156 1771 2206 collectionis
1825 2157 2118 2206 huiusmodi
2171 2158 2506 2204 ministerium
2545 2155 2917 2218 exequendum.

529 2241 832 2290 collectores
870 2253 1010 2299 vero,
1049 2254 1191 2302 qum,
1226 2248 1284 2289 ut
1318 2241 1644 2301 premittitur,
1684 2242 1971 2303 deputabis,
2024 2243 2076 2289 in
2128 2240 2295 2289 forma
2347 2240 2524 2302 jurare
2577 2237 2737 2287 facias
2787 2237 2922 2286 infra

527 2325 733 2387 scripta,
770 2332 821 2372 et
856 2331 913 2371 tu
946 2324 1303 2372 nichilominus
1339 2338 1555 2386 regnum
1591 2332 1642 2372 et
1675 2333 1848 2387 partes
1886 2326 2112 2373 eiusdem
2138 2327 2382 2383 circueaS,
2405 2324 2699 2386 diligentius
2726 2330 2921 2372 seruta-

528 2418 688 2469 turuS,
722 2408 940 2471 qualiter
974 2408 1025 2454 in
1064 2409 1330 2455 commisse
1366 2407 1461 2456 sibi
1497 2408 1631 2456 dicte
1667 2409 1985 2459 collectionis
2019 2409 2193 2459 officio
2228 2410 2380 2457 iidem
2408 2423 2461 2457 se
2487 2409 2710 2456 habeant
2735 2408 2921 2456 collec-

527 2501 681 2554 toreS‚
719 2492 937 2555 qualiter
969 2494 1093 2552 ipsis
1131 2492 1193 2541 de
1230 2493 1426 2540 decima
1461 2492 1694 2550 satisfiat,
1733 2494 2104 2555 collectamque
2141 2508 2231 2555 per
2263 2494 2382 2542 illos
2438 2508 2504 2541 ex
2558 2493 2756 2541 decima
2808 2491 2922 2554 ipsa

527 2578 796 2643 pecuniam
835 2578 896 2625 de
931 2577 1276 2640 predictorum
1332 2576 1573 2625 ordinarii
1623 2585 1674 2625 et
1718 2578 1937 2626 aliorum
1991 2579 2208 2627 consilio
2260 2576 2419 2627 facias
2473 2590 2564 2641 per
2616 2577 2920 2625 collectores

529 2665 733 2714 eosdem
771 2664 822 2712 in
858 2651 981 2710 tutis
1035 2661 1163 2710 locis
1216 2661 1298 2710 vel
1348 2661 1467 2710 loco
1522 2662 1722 2725 deponi.
1781 2663 1869 2711 tibi
1922 2678 2123 2727 quoque
2177 2677 2291 2711 cum
2345 2662 2565 2712 consilio
2619 2661 2918 2720 eorundem,

529 2748 770 2797 ordinarii
807 2755 858 2796 et
892 2745 1107 2795 aliorum
1143 2746 1374 2794 mutandi
1412 2746 1714 2795 collectores
1750 2747 1890 2807 ipsos
1928 2748 2158 2811 quotiens
2193 2748 2381 2797 videris
2418 2747 2675 2810 expedire,
2716 2760 2776 2794 ac
2831 2760 2918 2794 eos

527 2832 865 2896 compellendi
902 2831 968 2878 ad
1003 2831 1314 2879 reddendum
1350 2845 1524 2879 coram
1559 2832 1750 2879 eisdem
1788 2834 2056 2882 ordinariis
2092 2838 2145 2881 et
2178 2832 2293 2880 aliis
2330 2841 2624 2894 computum
2650 2831 2711 2878 de
2732 2830 2919 2878 collec-

527 2916 609 2976 tis,
639 2924 690 2964 et
724 2915 1127 2964 contradictores
1164 2915 1419 2978 quoslibet
1454 2917 1762 2964 auctoritate
1800 2917 2087 2980 apostoliea
2111 2931 2201 2979 per
2224 2931 2489 2965 censuram
2515 2915 2919 2963 ecelesiasticam

527 2999 883 3062 compescendi
918 2999 1122 3062 plenam
1158 2999 1335 3047 eadem
1371 3001 1680 3050 auctoritate
1718 3001 2045 3049 concedimus
2080 3007 2408 3062 potestatem.
2504 2999 2577 3047 Et
2612 3007 2669 3047 ut
2703 3008 2809 3047 tam
2845 3005 2917 3058 tu,

526 3098 677 3146 quam
713 3083 836 3132 dicti
871 3083 1174 3133 collectores
1211 3083 1433 3132 fructum
1471 3086 1533 3134 de
1569 3085 1746 3134 vestris
1784 3085 2046 3134 laboribus
2094 3086 2383 3148 reportetiS‚
2421 3085 2669 3153 premissa
2722 3083 2813 3132 tibi
2867 3089 2919 3131 et

525 3167 597 3216 eis
634 3169 684 3216 in
719 3166 1065 3217 remissionem
1100 3179 1432 3232 peecatorum
1466 3168 1797 3231 injungimus,
1837 3177 1887 3218 et
1922 3169 2284 3217 nichilominus
2322 3184 2353 3217 a
2388 3169 2703 3233 prestatione
2723 3167 2919 3216 decime

524 3268 617 3316 pro
656 3253 799 3301 annis
833 3252 934 3301 illis
972 3253 1152 3315 quibus
1173 3254 1310 3301 eirea
1334 3267 1396 3301 ea
1411 3252 1731 3314 laborabitis,
1750 3253 1989 3303 volumus
2008 3269 2100 3302 vos
2121 3268 2231 3301 esse
2253 3254 2517 3302 immunes.
2588 3252 2664 3301 Te
2684 3260 2920 3316 preterea

523 3337 658 3386 illius
711 3337 1024 3400 indulgentie
1079 3337 1406 3386 concedimus
1472 3351 1583 3385 esse
1630 3338 1953 3402 participem,
2007 3353 2103 3402 que
2158 3339 2524 3401 crucesignatis
2580 3335 2921 3401 personaliter

524 3419 972 3470 transfretantibus
1008 3420 1060 3468 in
1093 3418 1289 3484 prefate
1325 3426 1458 3470 terre
1494 3421 1777 3471 subsidium
1814 3432 1892 3471 est
1926 3438 2188 3484 concessa,
2226 3430 2278 3471 et
2313 3423 2448 3485 quod
2485 3422 2549 3470 de
2584 3420 2804 3484 pecunia
2852 3434 2920 3468 ex

524 3504 635 3569 ipsa
672 3505 868 3553 decima
903 3504 1193 3566 colligenda
1229 3505 1442 3567 singulis
1479 3506 1674 3565 diebuS‚
1711 3508 1764 3555 in
1817 3507 1997 3570 quibus
2058 3508 2195 3557 circa
2248 3507 2498 3570 premissa
2551 3506 2775 3565 vacabis,
2813 3510 2917 3553 tres

524 3590 718 3639 solidos
757 3590 1116 3649 sterlingorum
1149 3589 1401 3652 percipias
1449 3605 1540 3653 pro
1595 3591 1849 3654 expensis.
1924 3606 2025 3640 non
2082 3593 2320 3642 obstante
2358 3593 2401 3640 si
2436 3591 2693 3653 aliquibus
2730 3606 2763 3639 a
2799 3590 2919 3638 sede

524 3674 813 3738 apostolica
849 3675 916 3723 sit
949 3673 1222 3733 indultum,
1260 3675 1397 3737 quod
1434 3674 1664 3722 interdici
1705 3676 1948 3739 suspendi
1985 3677 2066 3725 vel
2100 3675 2536 3727 excommunicari
2571 3689 2675 3723 non
2721 3673 2921 3737 possint

524 3773 615 3821 per
648 3758 845 3806 litteras
882 3758 1210 3820 apostolicaS,
1248 3773 1346 3821 que
1382 3759 1443 3806 de
1479 3759 1679 3808 indulto
1716 3760 2008 3809 huiusmodi
2044 3776 2104 3810 ac
2153 3769 2265 3811 tota
2318 3761 2425 3809 eius
2488 3759 2803 3808 continentia
2857 3758 2919 3806 de

524 3843 678 3892 verbo
715 3843 780 3890 ad
815 3842 1042 3901 verbum,
1082 3848 1133 3889 ct
1169 3843 1230 3890 de
1267 3843 1482 3905 propriis
1517 3843 1749 3894 locorum
1810 3852 1862 3894 et
1918 3859 2253 3907 personarum
2301 3843 2595 3893 nominibus
2644 3840 2918 3904 specialem

524 3926 730 3990 plenam
765 3932 817 3974 et
853 3941 1148 3989 expressam
1183 3941 1288 3974 non
1323 3924 1536 3976 fecerint
1578 3928 1909 3989 mentionem,
1969 3929 2074 3978 sive
2130 3927 2438 3991 quibuslibet
2485 3926 2599 3975 aliis
2635 3926 2918 3991 priuilegiis

524 4010 853 4071 indulgentiis
889 4010 972 4058 vel
1007 4012 1190 4060 litteris
1227 4012 1606 4074 quibuscunque
1644 4013 1995 4074 dignitatibus,
2032 4012 2311 4071 ordinibus,
2349 4011 2492 4072 locis,
2545 4011 2628 4060 vel
2684 4010 2917 4074 personis

525 4095 831 4156 generaliter
866 4102 958 4143 aut
993 4095 1286 4158 specialiter
1321 4096 1414 4144 sub
1452 4111 1753 4159 quacunque
1791 4095 1958 4145 forma
2010 4097 2091 4145 vel
2138 4097 2472 4159 conceptione
2526 4097 2800 4145 verborum
2852 4094 2917 4143 ab

525 4179 701 4227 eadem
739 4180 860 4228 sede
897 4180 1169 4240 concessis,
1207 4181 1268 4228 de
1307 4180 1503 4242 quibus,
1529 4195 1845 4243 quorumque
1870 4181 1991 4230 totis
2018 4182 2279 4230 tenoribus
2317 4182 2380 4229 de
2415 4181 2570 4229 verbo
2608 4181 2675 4229 ad
2710 4179 2918 4228 verbum

524 4262 576 4310 in
611 4262 801 4312 nostris
837 4263 1019 4311 litteris
1068 4265 1304 4328 specialis
1358 4265 1510 4327 plena
1561 4273 1612 4313 et
1663 4280 1912 4328 expressa
1961 4266 2153 4316 mentio
2213 4267 2279 4315 sit
2337 4265 2588 4315 habenda.
2657 4264 2917 4313 Volumus

523 4354 697 4396 autem
733 4356 791 4396 ut
825 4346 1117 4410 frequenter
1151 4349 1299 4397 nobis
1337 4348 1555 4396 seribere
1592 4351 1800 4398 studeas
1838 4351 1957 4412 quid
1992 4357 2163 4399 actum
2199 4349 2353 4399 fuerit
2397 4352 2449 4398 in
2507 4350 2732 4413 qualibet
2791 4362 2917 4411 pro-

525 4433 694 4481 uincia
730 4440 835 4480 tam
872 4432 1006 4480 circa
1061 4433 1362 4482 collectores
1415 4446 1566 4493 quam
1619 4434 1755 4482 eirca
1816 4435 2190 4494 collectionem,
2245 4436 2580 4498 quantitatem
2627 4433 2916 4491 collectam,

525 4517 684 4580 ipsius
721 4516 1110 4580 depositionem,
1147 4518 1319 4566 locum
1357 4517 1691 4580 depositionis
1728 4533 1789 4567 ae
1848 4520 2070 4568 modum.
2163 4518 2237 4568 Et
2288 4519 2495 4583 insuper
2541 4519 2604 4566 de
2655 4515 2917 4580 premissis

525 4602 747 4651 fideliter
782 4617 843 4650 ac
882 4601 1080 4650 solicite
1114 4601 1476 4665 prosequendis
1512 4612 1706 4664 prestes
1745 4604 1893 4652 tactis
1931 4605 2275 4653 sacrosanctis
2330 4601 2609 4664 euangeliis
2658 4601 2917 4664 juramen-

526 4694 650 4736 tum.
724 4686 1074 4736 Considerans
1109 4687 1274 4749 itaqve
1310 4687 1446 4748 quod
1480 4685 1532 4735 in
1567 4687 1825 4749 premissis
1861 4687 2128 4750 negotium
2160 4688 2263 4738 Dei
2297 4686 2636 4754 prosequeris,
2658 4686 2779 4735 etin
2798 4699 2918 4735 con-
