3534 5361
13 2645 71 2707 Ψ

1708 347 1785 405 93

627 671 740 747 De
807 698 1038 750 censu
1104 699 1238 750 seu
1306 672 1598 748 denario
1668 670 1858 747 beati
1921 669 2117 747 Petri
2186 675 2252 748 in
2316 671 2607 766 Sueeia,
2665 681 2879 745 tenor

1537 806 1960 883 litterarum.

745 990 1046 1048 Johannes
1111 990 1417 1066 episcopus
1483 1008 1684 1046 seruus
1750 1007 2048 1046 seruorum
2116 989 2208 1046 dei
2283 988 2515 1045 Dilecto
2578 986 2696 1043 filio
2761 986 2940 1042 Petro

560 1090 829 1165 Geruasij
877 1070 1174 1150 canonico'
1200 1090 1529 1149 Viuariensi
1576 1090 1895 1166 apostolice
1938 1090 2090 1148 sedis
2135 1088 2365 1160 nunci0‚
2393 1088 2650 1147 Salutem
2699 1096 2757 1144 et
2799 1105 2940 1161 apo-

557 1192 817 1250 stolicam
863 1192 1350 1250 benediccionem.
1440 1190 1763 1266 Fidedigna
1804 1190 2094 1248 relacione
2150 1190 2510 1266 percepimus
2576 1189 2732 1265 quod
2796 1206 2938 1244 non-

558 1294 700 1350 nulli
747 1294 1120 1352 ecclesiarum
1166 1293 1406 1361 Prelati,
1453 1302 1509 1348 et
1552 1291 1647 1366 alij
1696 1292 1888 1349 clerici
1933 1292 2224 1350 seculares
2270 1301 2326 1349 et
2357 1291 2654 1367 Religiosi‚
2678 1288 2939 1359 ecclesie,

557 1396 925 1467 monasteria,
971 1404 1027 1452 et
1070 1395 1218 1460 loca,
1265 1395 1542 1470 capitulzu
1587 1393 1834 1469 collegia
1889 1401 1944 1450 et
1990 1403 2327 1464 conuentus,
2372 1403 2642 1468 exempta
2704 1399 2761 1447 et
2824 1410 2938 1449 non

559 1505 846 1571 exempta,
891 1516 999 1554 nec
1045 1515 1157 1552 non
1198 1494 1472 1567 Comite3‚
1517 1496 1781 1553 Barones
1824 1504 1878 1551 et
1922 1494 2165 1552 Nobiles
2210 1515 2279 1551 ac
2324 1494 2435 1551 alie
2479 1493 2764 1551 inferioris
2822 1503 2939 1551 sta·

557 1605 651 1654 tus
694 1617 941 1672 persone
986 1597 1427 1655 communitates
1472 1617 1705 1673 quoque
1742 1615 1845 1654 seu
1883 1596 2287 1654 vniuersitates
2311 1615 2415 1672 per
2435 1594 2767 1671 Norwegje‚
2793 1595 2939 1655 Sue-

561 1698 648 1756 cie
693 1707 750 1755 et
795 1698 982 1758 Gocie
1026 1699 1232 1773 Regna
1276 1699 1588 1756 constituta
1633 1709 1853 1755 certum
1898 1718 2132 1755 censum
2177 1698 2342 1755 nobis
2396 1707 2453 1754 et
2511 1697 2752 1755 ecclesie
2818 1698 2939 1755 Ro-

560 1818 730 1856 mane
773 1800 1002 1858 soluere
1048 1811 1315 1857 tenentur
1358 1799 1523 1855 annis
1564 1799 1822 1874 singulis,
1866 1800 2138 1875 quodque
2183 1799 2377 1874 plures
2423 1820 2497 1856 ex
2541 1799 2621 1856 eis
2666 1819 2700 1855 a
2766 1798 2941 1874 longe

559 1901 862 1959 retroactis
901 1902 1260 1975 temporibus
1305 1902 1377 1957 ab
1422 1899 1601 1974 ipsius
1647 1920 1853 1958 census
1896 1902 2193 1958 solucione
2218 1910 2533 1959 cessarunt.
2592 1901 2719 1958 Nos
2748 1909 2939 1957 autem

561 2001 822 2058 volentes
866 2001 1074 2059 nostris
1120 2012 1177 2057 et
1222 2001 1477 2058 eiusdem
1520 2001 1762 2058 ecclesie
1797 2003 2059 2060 Romane
2082 2001 2591 2078 indempnitatibus
2618 2001 2942 2077 prouidere,

564 2102 924 2160 Discrecioni
971 2111 1070 2158 tue
1116 2121 1220 2176 per
1265 2101 1587 2177 apostolica
1630 2102 1845 2177 scripta
1891 2101 2297 2159 committimus
2341 2113 2398 2159 et
2436 2103 2775 2159 mandamus
2799 2121 2942 2178 qua-

565 2214 732 2260 tenus
776 2221 951 2277 super
994 2201 1287 2277 premissis
1331 2203 1659 2273 summarie,
1699 2202 2033 2279 simpliciter
2073 2213 2127 2260 et
2173 2203 2243 2259 de
2287 2203 2462 2278 plano
2505 2223 2573 2260 ac
2618 2204 2740 2261 sine
2800 2212 2943 2261 stre·

565 2303 688 2378 pitu
735 2312 791 2360 et
833 2304 1022 2378 figura
1050 2302 1256 2377 judicij
1303 2324 1408 2379 per
1448 2315 1505 2359 te
1550 2305 1645 2361 uel
1689 2306 1866 2361 alium
1911 2324 2013 2362 seu
2058 2304 2203 2362 alios
2247 2315 2303 2362 te
2347 2304 2662 2363 informans
2708 2325 2941 2363 censum

565 2404 892 2461 huiusmodi
940 2406 1013 2462 ab
1061 2404 1326 2461 omnibus
1372 2417 1429 2461 et
1472 2405 1711 2480 singulis
1755 2406 1853 2482 qui
1898 2407 1972 2461 ad
2016 2406 2195 2481 ipsius
2259 2406 2614 2464 solucionem
2679 2415 2945 2463 tenentur

566 2508 639 2562 ab
685 2506 886 2562 eodem
933 2515 1193 2580 tempore
1239 2524 1354 2581 quo
1401 2507 1473 2563 ab
1519 2507 1696 2582 ipsius
1741 2508 2039 2565 solucione
2084 2518 2381 2565 cessarunt
2426 2516 2482 2564 et
2527 2508 2698 2564 etiam
2742 2507 2799 2565 in
2839 2528 2943 2583 po-

565 2618 779 2665 sterum
826 2626 1011 2682 usque
1057 2608 1130 2662 ad
1176 2606 1600 2682 beneplacitum
1648 2608 1966 2685 apostolice
2021 2608 2190 2677 sedis,
2258 2608 2489 2685 exigere
2555 2629 2622 2667 ac
2687 2609 2944 2686 recipere

566 2719 762 2766 nostro
809 2718 866 2765 et
910 2709 1165 2766 eiusdem
1213 2709 1454 2767 ecclesie
1499 2711 1728 2768 nomine
1777 2730 1907 2767 cum
1972 2710 2302 2786 integritate
2366 2730 2660 2787 procureS‚
2706 2731 2805 2769 eos
2870 2713 2944 2769 ad

565 2811 622 2866 id
668 2809 714 2866 si
760 2828 994 2867 necesse
1036 2809 1207 2866 fuerit
1251 2810 1594 2867 auctoritate
1640 2821 1836 2869 nostra
1891 2812 2290 2887 appellacione
2354 2823 2486 2888 post
2544 2813 2731 2889 posita
2789 2832 2944 2871 com-

565 2911 853 2986 pellenda,
897 2910 1032 2967 Non
1082 2911 1346 2967 obstante
1389 2911 1436 2968 si
1484 2912 1564 2969 eis
1608 2912 1703 2969 uel
1748 2933 1947 2970 eorum
1993 2914 2282 2989 aliquibus
2322 2913 2703 2971 communiter
2738 2915 2832 2971 uel
2859 2915 2943 2971 di·

566 3011 734 3068 uisim
779 3013 853 3069 ab
900 3011 1101 3068 eadem
1147 3011 1222 3067 sit
1264 3012 1401 3068 sede
1445 3012 1728 3070 indultum
1777 3015 1931 3088 quod
1977 3015 2258 3085 interdici,
2295 3015 2567 3090 suspendi
2595 3015 2688 3071 uel
2711 3034 2945 3072 excom·

567 3111 849 3170 municari
889 3132 1004 3169 non
1049 3121 1293 3188 possunt
1334 3132 1439 3188 per
1480 3113 1700 3171 litteras
1741 3115 2093 3191 apostolicas
2137 3134 2253 3172 non
2295 3113 2567 3173 facientes
2615 3116 2844 3191 plenam
2890 3125 2947 3172 et

569 3212 902 3290 expressam
942 3233 1011 3272 ac
1057 3214 1128 3270 de
1175 3216 1356 3272 uerbo
1401 3215 1475 3271 ad
1519 3217 1762 3272 uerbum
1809 3216 1880 3273 de
1923 3216 2146 3273 indulto
2190 3215 2516 3273 huiusmodi
2573 3216 2944 3274 mencionem.

567 3316 858 3373 Volumus
903 3325 1098 3373 autem
1142 3316 1299 3391 quod
1345 3336 1443 3374 eos
1487 3316 1585 3391 qui
1631 3317 1733 3373 tibi
1791 3317 2006 3375 dictum
2068 3336 2300 3376 censum
2367 3317 2462 3374 uel
2526 3318 2647 3376 eius
2712 3317 2943 3376 residua

569 3417 838 3474 duxerint
881 3417 1268 3492 persoluenda
1310 3416 1534 3493 plenius
1578 3417 1882 3475 absoluere
1926 3419 2125 3477 valeas
2172 3429 2227 3476 et
2271 3419 2520 3494 quittare
2565 3420 2637 3476 de
2680 3418 2786 3493 hijs
2830 3439 2944 3495 que

568 3520 643 3576 ab
686 3519 824 3594 ipsis
866 3518 1127 3593 recipere
1171 3526 1230 3575 te
1275 3518 1586 3592 continget,
1608 3519 1741 3576 inde
1787 3520 1991 3577 confici
2027 3519 2289 3578 faciendo
2315 3521 2548 3597 publica
2558 3519 2947 3594 justrumenta

568 3620 733 3677 nobis
775 3620 1143 3694 postmodum
1188 3619 1433 3676 fideliter
1477 3619 1841 3694 assignanda,
1883 3622 2105 3679 Datum
2148 3621 2445 3679 Auinione
2491 3620 2605 3695 diij.
2666 3620 2945 3679 kalendas

569 3722 620 3778 F
624 3719 872 3794 ebruarij
916 3721 1296 3779 Pontificatus
1340 3720 1519 3779 nostri
1564 3741 1716 3778 anno
1762 3722 1908 3796 ,xvj‘l

737 3820 998 3894 Quarum
1041 3823 1387 3880 auctoritate
1431 3823 1489 3880 in
1535 3822 1689 3880 dicto
1734 3824 2054 3899 procedens
2098 3823 2342 3898 negocio
2401 3823 2679 3900 pecunias
2739 3833 2797 3881 et
2854 3842 2946 3881 ar-

568 3932 805 3996 gentum
849 3923 1045 3998 recepi
1090 3923 1497 3998 infrascriptas.

699 4409 802 4478 De
856 4431 1057 4478 censu
1116 4409 1405 4479 ecclesie
1458 4411 1757 4482 Romane
1810 4412 2091 4484 collecto
2145 4417 2208 4483 in
2262 4414 2499 4506 Regno
2553 4414 2817 4485 Suecie.

743 4584 920 4640 Anno
965 4582 1060 4639 dfii
1111 4591 1212 4639 .m‘!
1270 4591 1397 4641 ccc‘!
1453 4585 1642 4659 xxxij‘!
1702 4587 1794 4642 die
1839 4586 1939 4662 ,iije
1998 4587 2207 4645 mensis
2250 4589 2619 4647 Nouembris.
2663 4589 2859 4664 recepi
2915 4608 2952 4646 a

576 4686 692 4742 dfio
733 4685 975 4741 Andrea
1015 4685 1290 4763 Jngerdis
1335 4684 1555 4745 Curato
1601 4688 1842 4746 ecclesie
1887 4690 2055 4746 beate
2111 4689 2299 4747 Marie
2359 4689 2675 4763 Scarensis‚
2741 4690 2953 4749 collec-

2960 692 3024 731 fol.
3036 691 3095 730 60.
3104 694 3137 730 b.

2966 4434 3153 4472 fo!.61.n.
