3534 5361
1803 355 1880 412 68

648 540 1087 598 Roskildensem
1133 539 1485 598 connuncios
1532 548 1587 595 et
1630 539 1885 615 collegas
1934 557 2088 594 meos
2136 549 2199 595 ut.
2242 539 2301 595 in
2354 538 2606 614 negocijs
2651 539 3027 612 procederent

650 660 766 698 una
806 660 1051 713 mecum,
1098 640 1307 715 quibus
1351 639 1752 696 recusantibus
1798 640 2112 715 procedere
2160 649 2215 695 et
2262 640 2675 697 excusantibus
2709 658 2770 694 se
2793 646 3030 712 propter

649 760 988 815 guerrarum
1037 741 1370 799 discrimina
1414 759 1526 814 que
1573 751 1709 797 tunc
1753 750 1917 796 erant
1964 748 2020 796 et
2064 740 2254 797 adhuc
2299 749 2434 796 sunt
2500 740 2554 795 in
2617 738 2877 813 partibus
2920 737 3030 793 illis

650 842 903 915 processi
949 861 1057 916 ego
1103 840 1263 898 solus
1308 843 1364 896 in
1405 840 1570 899 dictis
1617 839 1872 915 negocijs
1917 840 2130 897 virtute
2186 839 2509 897 litterarum
2577 839 3027 914 apostolicarum

650 961 895 1016 quarum
941 952 1106 999 tenor
1148 940 1279 999 talis
1325 951 1429 999 est.

815 1042 1114 1100 Johannes
1160 1042 1466 1116 episcopus
1511 1061 1715 1099 seruus
1757 1061 2059 1101 seruorum
2105 1041 2195 1098 dei
2250 1042 2677 1099 venerabilibus
2737 1040 3030 1111 fratribuS,

650 1142 865 1201 Carolo
909 1142 1347 1217 archiepiscopo
1393 1143 1687 1200 Lundensi
1747 1153 1804 1199 et
1868 1142 2121 1205 Johanni
2192 1141 2465 1216 episcopo
2532 1141 2896 1199 Roskildensi
2961 1160 3030 1197 ac

649 1243 860 1300 dilecto
905 1245 1022 1300 filio
1063 1243 1243 1300 Petro
1290 1240 1560 1317 Geruasij
1608 1243 1889 1299 canonico
1936 1241 2181 1303 ecclesie
2226 1242 2408 1300 sancti
2447 1241 2657 1315 Euodij
2701 1241 3030 1299 Aniciensis

650 1343 967 1418 apostolice
1015 1343 1168 1402 sedis
1216 1343 1475 1416 NuncijS,
1521 1343 1781 1403 Salutem
1829 1354 1882 1399 et
1924 1341 2302 1418 apostolicam
2338 1341 2812 1401 benedictionem.
2880 1342 3027 1400 Cum

649 1463 876 1501 annuus
922 1464 1126 1503 census
1171 1444 1269 1520 qui
1328 1444 1597 1501 denarius
1662 1443 1817 1500 beati
1883 1444 2044 1500 Petri
2103 1453 2367 1515 uocatur,
2434 1443 2596 1500 nobis
2663 1452 2719 1500 et
2785 1443 3026 1501 ecclesie

648 1545 910 1603 Romane
955 1548 1011 1602 in
1056 1564 1236 1621 regno
1280 1544 1467 1601 Dacie
1512 1544 1808 1613 debeatur,
1873 1564 1975 1602 nos
2043 1543 2303 1602 uolentes
2371 1544 2581 1602 nostris
2648 1553 2705 1600 et
2770 1544 3024 1600 eiusdem

651 1644 893 1702 ecclesie
937 1646 1160 1705 iuribus
1205 1646 1533 1723 prospicere
1579 1665 1646 1702 ac
1692 1647 1762 1702 de
1809 1656 1997 1703 vestre
2044 1646 2575 1721 circumspectionis
2635 1644 2915 1702 industria
2972 1655 3029 1703 et

648 1746 924 1803 fidelitate
970 1747 1196 1823 plenius
1245 1732 1613 1815 confidenteS,
1659 1747 1909 1820 petendi,
1956 1747 2284 1822 colligendi,
2330 1748 2598 1822 exigendi
2637 1757 2693 1803 et
2715 1747 3026 1822 recipiendi

650 1856 845 1904 nostro
893 1859 949 1904 et
994 1849 1247 1908 eiusdem
1296 1846 1537 1905 ecclesie
1582 1846 1813 1902 nomine
1858 1867 1963 1922 per
2002 1868 2105 1906 vos
2151 1850 2246 1906 uel
2287 1848 2462 1906 alium
2498 1868 2600 1905 seu
2624 1848 2768 1905 alios
2793 1867 3029 1905 censum

650 1947 977 2005 huiusmodi
1021 1969 1057 2006 a
1101 1949 1360 2025 personis
1426 1947 1832 2006 ecclesiasticis
1899 1957 1956 2005 et
2019 1950 2379 2007 secularibus
2436 1948 2572 2006 dicti
2627 1948 2790 2023 regni
2837 1948 3026 2006 cuius—

651 2068 900 2124 cumque
946 2049 1299 2108 eondicionis
1354 2056 1561 2120 statue,
1623 2048 1838 2106 ordinis
1900 2049 1996 2106 uel
2064 2050 2359 2125 dignitatis
2426 2049 2675 2106 existant
2742 2049 2914 2106 etiam
2982 2048 3029 2106 si

650 2149 967 2224 pontificali
1010 2149 1107 2207 uel
1151 2149 1358 2225 quauis
1402 2149 1517 2206 alia
1558 2149 1919 2224 premineant
1966 2150 2260 2226 dignitate,
2305 2160 2420 2209 tam
2468 2169 2573 2226 pro
2633 2168 2701 2207 eo
2768 2159 3030 2225 tempore

651 2269 767 2324 quo
812 2250 869 2306 in
913 2242 1208 2309 solucione
1254 2250 1406 2308 illius
1451 2259 1740 2308 cessatum
1788 2260 1870 2308 est
1929 2234 2104 2326 quam
2164 2252 2335 2310 etiam
2404 2251 2778 2326 imposterum
2847 2269 3031 2325 usque

650 2351 725 2408 ad
768 2352 1195 2426 beneplacitum
1242 2351 1559 2426 apostolice
1604 2351 1774 2422 sedis,
1819 2352 2160 2409 informandi
2207 2372 2441 2428 quoque
2497 2371 2603 2410 uos
2658 2371 2833 2427 super
2895 2370 3029 2425 pre-

653 2451 836 2510 missis
879 2452 1187 2510 summarie
1232 2450 1571 2527 simpliciter
1608 2464 1662 2510 et
1710 2453 1781 2509 de
1840 2452 2033 2527 plano,
2091 2474 2160 2510 ac
2228 2454 2350 2511 sine
2412 2453 2654 2527 strepitu
2724 2464 2779 2510 et
2843 2455 3031 2528 figura

638 2552 863 2627 judicij.
907 2554 953 2612 si
1000 2563 1054 2610 et
1098 2553 1332 2628 quando
1378 2553 1636 2611 uideritis
1680 2553 1973 2628 expedire,
2015 2574 2122 2612 nec
2169 2574 2281 2611 non
2330 2554 2783 2612 contradictores
2828 2564 2885 2611 et
2940 2574 3030 2611 re-

652 2653 832 2712 belles
873 2673 943 2712 ac
988 2650 1364 2730 impedientes
1408 2673 1807 2731 quoscumque
1849 2674 1953 2730 per
1987 2675 2288 2713 censuram
2336 2654 2785 2713 ecclesiasticam
2832 2656 3031 2731 appel-

651 2756 865 2814 latione
909 2758 1275 2831 postposita
1324 2758 1746 2831 compescendi,
1817 2776 1929 2813 non
1993 2757 2354 2813 obstantibus
2414 2758 2459 2813 si
2528 2757 2608 2813 eis
2672 2758 2763 2813 uel
2836 2776 3033 2813 eorum

652 2856 941 2932 aliquibus
987 2856 1369 2914 communiter
1414 2857 1507 2913 uel
1553 2858 1781 2914 dinisim
1824 2876 1859 2913 a
1903 2857 2039 2929 sede
2083 2857 2156 2914 sit
2199 2857 2486 2914 indultum
2550 2859 2811 2931 predict-a
2877 2858 3031 2934 quod

651 2958 934 3031 interdici,
975 2956 1249 3032 suspendi
1293 2956 1388 3014 uel
1423 2957 1910 3014 excommunicari
1937 2977 2048 3014 non
2076 2955 2293 3032 possint
2319 2978 2422 3033 per
2455 2958 2649 3015 literas
2684 2959 3035 3033 apostolicas

652 3077 768 3115 non
813 3059 1086 3116 facientes
1132 3057 1360 3133 plenam
1407 3065 1464 3114 et
1508 3076 1840 3133 expressam
1885 3078 1954 3115 ac
1998 3059 2069 3114 de
2115 3061 2296 3116 uerbo
2333 3060 2405 3115 ad
2440 3061 2680 3116 uerbum
2717 3059 2788 3115 de
2810 3059 3034 3116 indulto

651 3159 978 3216 huiusmodi
1023 3158 1378 3216 mencionem
1426 3168 1482 3214 et
1526 3158 1880 3234 quibuslibet
1925 3159 2238 3235 priuilegijs
2277 3157 2663 3235 'indulgencijs
2710 3171 2765 3216 et
2830 3161 3035 3218 litteris

651 3258 985 3334 apostolicis
1043 3258 1412 3334 generalibus
1470 3258 1564 3315 uel
1632 3258 1981 3332 specialibus
2048 3260 2510 3337 quibuscumque
2578 3262 2867 3319 concessis
2933 3282 3037 3337 per

653 3378 767 3435 que
812 3359 1112 3418 commisse
1158 3359 1324 3417 uobis
1368 3360 1670 3434 potestatis
1717 3360 1995 3417 exeeucio
2041 3362 2302 3437 impediri
2351 3373 2545 3437 posset
2603 3362 3037 3438 quomodolibet

651 3460 747 3517 uel
793 3459 1025 3531 differri,
1070 3460 1298 3534 plenam
1341 3460 1507 3518 uobis
1552 3471 1608 3517 et
1664 3470 1920 3518 vestrum
1987 3460 2224 3519 cuilibet
2291 3464 2596 3520 insolidum
2667 3464 3037 3521 concedimus

651 3570 849 3618 tenore
893 3561 1244 3637 presentium
1284 3559 1636 3629 facultatem,
1661 3562 1935 3619 volumus
1980 3572 2170 3620 autem
2219 3565 2375 3640 quod
2423 3584 2519 3622 eos
2565 3584 2599 3620 a
2644 3565 2858 3639 quibus
2904 3584 3036 3622 cen-

649 3680 777 3720 sum
823 3662 1156 3737 receperitis
1200 3661 1595 3736 supradictum
1645 3663 1951 3721 absoluere
1997 3666 2229 3740 possitis
2275 3665 2499 3741 plenius
2546 3676 2602 3722 et
2669 3665 2920 3740 quittare
2968 3667 3038 3723 (18

651 3763 756 3837 hijs
801 3784 914 3839 que
959 3763 1096 3820 inde
1141 3764 1214 3820 ab
1262 3762 1342 3819 eis
1387 3762 1649 3838 recipere
1693 3782 1799 3821 vos
1839 3766 2149 3839 continget,
2196 3785 2299 3823 nos
2340 3776 2396 3822 et
2442 3785 2731 3823 cameram
2780 3777 3036 3824 nostram

650 3865 927 3923 reddituri
976 3865 1130 3923 clare
1176 3863 1701 3939 particularitas-et
1750 3865 2014 3923 distincte
2059 3885 2234 3941 super
2281 3866 2384 3939 hijs
2432 3868 2721 3925 certiores.
2818 3869 3036 3925 Datum

650 3966 944 4023 Aninione
987 3965 1103 4040 .iiij.
1151 3966 1355 4023 Nonas
1400 3966 1680 4038 Augusti,
1723 3965 2106 4024 Pontificatus
2149 3959 2326 4023 nostri
2372 3988 2522 4024 anno
2569 3968 2732 4040 ,xiiijq

823 4067 1085 4141 Quorum
1153 4065 1499 4123 auctoritate
1579 4065 1711 4139 Ego
1779 4069 2147 4144 supradictus
2226 4069 2435 4127 Petrus
2503 4068 2773 4141 Geruasij
2841 4070 3035 4144 recepi

652 4168 928 4244 pecunias
973 4166 1364 4243 infrascriptas
1406 4168 1477 4224 de
1525 4190 1701 4226 censu
1744 4189 1848 4227 seu
1895 4170 2130 4226 denario
2179 4165 2545 4226 memoratol.

735 4296 752 4323 ¹
789 4299 942 4347 Disse
979 4308 1033 4347 to
1072 4299 1248 4368 Linjer
1284 4316 1436 4363 synes
1475 4308 1529 4348 at
1563 4316 1693 4349 vaerc.
1741 4316 1915 4350 sencrc
1953 4300 2201 4362 tilsejcdc,
2240 4301 2413 4361 skjent
2448 4302 2559 4349 med
2612 4315 2802 4348 sammc
2858 4301 3037 4349 Haand

789 4398 899 4432 som
937 4384 1021 4430 det
1059 4386 1246 4443 ovrigc.
