3534 5361
1700 383 1778 442 62

679 598 683 601 ·
726 570 839 624 154
883 570 994 625 lior.
1044 570 1178 624 auri.

722 670 764 723 3
814 686 929 723 vnc.
974 686 1091 725 cum
1140 664 1215 735 ¹!ss
1260 672 1396 725 auri.

724 772 763 825 6
805 771 903 826 sol.
954 771 988 823 4
1034 770 1156 826 den.
1213 768 1340 827 Tur.
1387 773 1595 844 arqenti
1631 769 1798 844 Reqis
1844 769 2093 827 Francie.

724 874 805 927 99
852 871 917 927 lb.
966 872 1004 924 9
1047 889 1091 925 s.
1142 872 1171 924 7
1217 872 1272 926 d.
1318 874 1684 945 sterlinqomm
1729 874 1950 946 arqenti.

725 973 886 1028 5398
929 992 997 1027 m.
1046 973 1087 1027 3
1129 990 1248 1029 vnc.
1286 992 1465 1047 parue
1507 983 1709 1031 monete
1752 971 2043 1030 Noricane.

727 1073 999 1130 Debentur
1042 1073 1109 1129 de
1152 1074 1354 1131 decima
1398 1076 1478 1130 92
1522 1095 1589 1131 m.
1637 1076 2004 1148 sterlinqorum

1214 1176 1320 1231 487
1364 1196 1433 1232 m.
1480 1179 1519 1232 6
1563 1196 1680 1235 vnc.
1735 1172 1810 1243 ¹s'2
1846 1195 2022 1250 parite
2064 1185 2280 1233 monete.

726 1277 856 1334 Item
901 1277 1151 1333 debentur
1193 1278 1260 1333 de
1297 1280 1792 1353 condempnacione
1835 1279 2101 1354 Episcopi
2151 1276 2474 1335 Orcadensis
2509 1298 2613 1353 per
2666 1279 2942 1354 Archiepi-

557 1382 858 1455 episcopum
902 1377 1304 1435 M'drosiensem
1349 1410 1429 1418 —
1474 1383 1557 1437 25
1602 1399 1702 1438 mc.
1746 1381 2116 1451 sterlinqoram
2159 1382 2379 1452 arqenti.

725 1478 855 1536 Item
900 1480 1048 1536 debet
1090 1480 1261 1537 dictus
1302 1484 1731 1558 archiepiscopus
1777 1484 1844 1539 de
1889 1483 2080 1539 denar.
2129 1481 2267 1537 beati
2305 1480 2455 1539 Petri
2486 1500 2590 1556 per
2647 1483 2820 1556 ipsum
2861 1501 2944 1539 re-

559 1591 705 1658 cepto
752 1583 818 1638 de
858 1584 1164 1656 episcopatu
1219 1581 1518 1641 Orcadensi
1576 1614 1613 1620 ·—
1683 1586 1761 1641 20
1806 1604 1904 1642 mc.
1951 1584 2333 1656 sterlinqorum.

356 1898 545 1935 101-10-b-·
726 1885 857 1943 Item
897 1889 1146 1945 dicerunt
1186 1909 1242 1945 se
1284 1891 1553 1963 recepisse.
1601 1891 1655 1944 in
1700 1888 1887 1962 Reyno
1931 1889 2117 1947 Suecie
2161 1890 2231 1946 de
2274 1890 2479 1946 decima
2538 1890 2841 1946 semannali.
2888 1891 2944 1945 in

557 1989 848 2045 ciuitatibus
913 1999 961 2046 et
1011 1991 1301 2048 diocesibus
1366 1990 1665 2064 Vpsalensi‚
1734 1990 2114 2064 Strinqenensss
2181 1991 2527 2065 Lineopensi,
2609 1990 2941 2061 Veoeionensi‚

558 2088 816 2148 Scarensi
853 2100 902 2147 ec
936 2090 1225 2149 Arosiensi.

726 2193 841 2248 616
884 2211 983 2250 mc.
1031 2194 1070 2249 3
1113 2211 1230 2249 vnc.
1275 2210 1393 2249 cum
1441 2183 1517 2261 Ἲς
1560 2195 1767 2265 arqenti
1808 2193 1886 2249 ad
1921 2193 2140 2267 pondus
2181 2195 2248 2251 de
2289 2194 2584 2251 Stocolmzs.

730 2295 839 2349 160
881 2312 978 2350 mc.
1022 2296 1074 2367 ij,
1121 2313 1238 2352 vnc.
1285 2312 1403 2351 cum
1452 2286 1531 2363 Ὗς
1575 2298 1785 2367 arqenti
1821 2296 1901 2353 ad
1930 2296 2153 2370 pondus
2198 2296 2265 2352 de
2307 2294 2508 2352 Scaris.

728 2397 767 2451 6
792 2396 921 2468 flor.
968 2396 1103 2452 auri.

728 2500 762 2551 1
805 2515 989 2554 marca
1030 2499 1070 2552 2
1115 2498 1294 2571 quarti
1332 2497 1372 2551 2
1416 2496 1537 2552 den.
1586 2498 1707 2551 auri
1740 2496 1820 2551 ad
1849 2498 2072 2570 pondus
2117 2498 2184 2554 de
2226 2497 2527 2555 Stocolmzls.

730 2599 765 2653 4
810 2599 876 2654 lb.
925 2600 995 2654 10
1040 2598 1160 2654 den.
1214 2596 1342 2654 Tur.
1384 2616 1555 2670 yross.
1601 2596 1764 2671 Beqis
1812 2596 2065 2655 Francie.

729 2702 802 2756 16
844 2719 889 2756 s.
944 2699 1070 2756 Tur.
1112 2718 1282 2774 qross.
1332 2701 1538 2772 arqenti
1577 2697 1738 2772 Reqis
1781 2700 2017 2757 Boemie.

728 2803 811 2858 35
856 2802 922 2857 lb.
971 2804 1045 2858 19
1087 2822 1131 2858 s.
1177 2804 1217 2856 5
1262 2802 1364 2857 den
1430 2802 1800 2875 sterlinqorum
1844 2804 2064 2875 arqenti.

725 2905 872 2960 3107
916 2921 1015 2960 mc.
1062 2904 1093 2957 7
1137 2923 1254 2961 vnc.
1304 2904 1344 2959 3
1389 2903 1443 2958 d.
1481 2920 1659 2976 pariae
1699 2911 1906 2959 monete
1947 2903 2163 2960 Swecie.

895 3003 1027 3060 Item
1070 3005 1136 3061 de
1165 3005 1429 3078 fructibus
1474 3003 1836 3076 beneficiorum
1877 3006 2191 3061 vacancium
2234 3006 2312 3061 ad
2352 3008 2630 3061 triennium
2667 3006 2946 3062 reseruatis

558 3109 611 3161 in
656 3107 807 3165 dictis
850 3107 1139 3163 ciuitatibus
1185 3115 1231 3162 et
1274 3105 1565 3163 diocesibus
1610 3106 1946 3162 eoeistencium
1990 3106 2240 3163 diverunt
2277 3127 2335 3165 se
2376 3108 2634 3181 recepisse

728 3210 762 3261 1
800 3228 871 3264 m.
917 3209 954 3263 8
997 3208 1052 3264 d.
1101 3209 1223 3264 auri
1262 3208 1340 3263 ad
1370 3207 1594 3280 pondus
1640 3207 1706 3262 de
1748 3205 1953 3264 Scam's.

726 3311 804 3367 30
848 3329 917 3365 m.
964 3311 998 3364 1
1041 3327 1159 3368 vnc.
1202 3311 1411 3382 arqenti
1444 3308 1521 3363 ad
1551 3307 1775 3382 pondus
1821 3309 1889 3365 de
1927 3307 2134 3366 Scaris.

726 3413 851 3467 252
894 3430 962 3466 m.
1012 3412 1046 3465 1
1088 3429 1204 3467 vnc.
1252 3412 1458 3484 arqenti
1495 3410 1575 3466 ad
1604 3411 1829 3484 pondus
1872 3408 1939 3466 de
1980 3408 2280 3467 Stocolmis.

727 3513 845 3569 540
889 3532 956 3567 m.
1006 3512 1039 3567 4
1084 3529 1200 3568 vnc.
1249 3512 1289 3567 3
1333 3512 1387 3567 d.
1426 3531 1603 3586 parue
1643 3520 1847 3569 monete
1889 3510 2091 3569 Suecie.

896 3613 1028 3669 Item
1069 3612 1318 3669 diverunt
1356 3631 1413 3669 se
1453 3614 1710 3687 recepisse
1764 3613 1832 3670 de
1890 3632 2049 3670 censu
2114 3614 2210 3687 qui
2269 3613 2521 3670 denarius
2584 3611 2749 3667 Beati
2804 3610 2953 3666 Petri

560 3725 896 3791 nuncupatur
937 3717 992 3771 in
1036 3714 1231 3772 eisdem
1274 3715 1564 3772 ciuitatibus
1608 3724 1657 3772 et
1699 3715 1992 3773 diocesibus

726 3818 807 3873 22
850 3835 1014 3873 marc,
1061 3818 1268 3890 arqenti
1306 3816 1383 3872 ad
1414 3817 1637 3889 pondus
1680 3817 1748 3874 de
1791 3816 2091 3875 Stocolmis.

728 3920 811 3975 53
852 3939 897 3976 s.
947 3919 980 3974 4
1026 3919 1083 3975 d.
1128 3918 1495 3990 sterlinqorum
1538 3920 1761 3990 arqenti.

728 4021 840 4076 736
887 4038 984 4077 mc.
1031 4021 1072 4076 2
1114 4039 1231 4078 vnc.
1280 4021 1311 4074 7
1356 4020 1410 4075 d.
1450 4038 1625 4094 parue
1667 4027 1869 4076 monete
1911 4018 2115 4076 Suecie.

900 4122 1032 4178 Item
1075 4122 1143 4178 de
1182 4122 1415 4179 subsidio
1474 4122 1584 4179 di'zo
1634 4140 1787 4196 pape
1850 4121 2022 4195 oblato
2083 4138 2184 4195 per
2239 4138 2505 4194 personas
2570 4119 2947 4176 ecclesiasticas

559 4224 694 4280 dicte
731 4221 921 4296 Requi.

728 4327 805 4381 60
848 4345 916 4381 m.
963 4326 1171 4399 arqenti
1210 4324 1287 4380 ad
1318 4323 1541 4398 pondus
1584 4323 1650 4379 de
1689 4323 1893 4382 Scaris.

729 4428 804 4484 64
848 4447 917 4482 m.
961 4429 1001 4482 2
1044 4444 1162 4483 vnc.
1207 4443 1323 4482 cum
1374 4420 1449 4494 ¹1²2
1493 4428 1701 4499 arqenti
1738 4427 1819 4483 ad
1849 4426 2071 4501 pondus
2116 4426 2183 4481 de
2225 4423 2521 4482 Stocolmis,

732 4530 875 4584 1018
917 4548 987 4584 m.
1034 4529 1065 4582 7
1106 4546 1224 4585 vnc.
1272 4546 1390 4585 cum
1438 4520 1516 4597 ¹l2
1550 4546 1728 4601 parue
1766 4536 1985 4585 monete.
2142 4537 2144 4540 ·

900 4630 1033 4686 Item
1076 4629 1143 4686 de
1185 4630 1367 4702 leqatis
1411 4638 1549 4686 terre
1589 4637 1772 4686 sancte
1814 4629 2062 4685 dicerunt
2098 4646 2154 4684 se
2195 4629 2452 4700 recepisse
2494 4624 2684 4680 ibidem

730 4732 771 4787 2
814 4749 932 4789 vnc.
979 4731 1101 4788 auri
1136 4731 1214 4787 ad
1245 4730 1469 4807 *pondus
1513 4730 1580 4788 de
1620 4729 1923 4788 Stocolmis.

3494 1098 3523 1182 ,1,-
