3534 5361
1756 382 1828 436 41

772 565 877 621 ⁸ix⁰;
922 566 1100 640 lxviij.
1147 566 1378 624 marche
1437 563 1548 640 .vij.
1593 566 1760 623 vncie
1805 568 2027 643 argentj
2094 570 2169 626 ad
2236 567 2463 643 pondus
2528 569 2598 626 de
2659 568 2982 628 Stocolmis.

602 666 801 723 valent
844 666 967 741 viij?
1012 667 1128 742 lvij.
1168 686 1393 725 marcas
1439 666 1530 740 .vj.
1573 667 1772 726 vncias
1817 670 1954 727 .xix.
2012 670 2278 728 denarios
2320 668 2541 742 argenti
2611 670 2684 725 ad
2757 669 2985 745 pondus

604 771 1017 828 Auinionense.
1062 769 1301 844 singulis
1349 766 1593 825 marchis
1639 769 1710 826 de
1779 769 2091 828 Stocolmis
2156 790 2261 846 pro
2328 768 2440 844 .vij.
2509 769 2691 845 vncijs
2758 771 2985 828 duobus

607 871 853 929 denariis
899 872 972 928 ad
1018 870 1244 945 pondus
1289 868 1686 926 Auinionense
1733 871 2097 945 computatis.

774 972 855 1048 ,ijs
898 971 1099 1046 lxxvij.
1147 971 1379 1027 marche
1426 970 1515 1044 .vj.
1560 971 1728 1028 vncie
1774 990 1904 1028 cum
1953 971 2189 1029 dimidia
2232 972 2307 1028 ad
2350 972 2577 1047 pondus
2623 972 2693 1028 de
2732 972 2984 1031 Scharis.

944 1242 1186 1302 Summa
1224 1240 1592 1300 Summarum
1639 1239 1827 1297 tocius
1872 1241 2129 1315 predicte
2161 1240 2380 1316 argentj
2405 1242 2463 1298 in
2486 1242 2761 1317 predictis
2795 1242 2989 1317 regnis

777 1343 1003 1401 collecti
1048 1342 1120 1398 ad
1168 1342 1395 1416 pondus
1449 1340 1848 1399 Auinionense
1907 1350 1992 1399 est
2055 1361 2146 1399 .m.
2214 1341 2315 1416 .vj‘i
2380 1343 2563 1399 lxxix.
2613 1342 2846 1399 marche
2893 1341 2987 1415 ,iij.
3027 1378 3030 1381 -

775 1445 963 1521 quarti
1003 1443 1188 1501 vncie.
1216 1460 1365 1499 vnus
1411 1442 1679 1499 denarius
1728 1435 1980 1515 [arqenti]
2029 1462 2159 1500 cum
2207 1444 2459 1502 dimidio.
2549 1443 2806 1518 Singulis
2838 1463 2987 1499 mar-

778 1546 896 1604 chis
954 1545 1030 1601 ad
1075 1543 1301 1618 pondus
1346 1543 1417 1600 de
1463 1541 1695 1602 Scharis
1739 1561 1846 1617 pro
1914 1542 2008 1618 vij.
2051 1543 2252 1619 vncijs‚
2307 1555 2364 1601 et
2425 1544 2538 1619 .vij.
2605 1544 2852 1620 denarijs
2914 1545 2990 1601 ad

777 1646 1004 1721 pondus
1047 1644 1444 1702 Auinionense
1491 1645 1857 1718 computatis.

806 2056 963 2131 Hec
1027 2063 1194 2128 sunt
1253 2051 1586 2154 Recepte
1652 2053 1840 2129 facte
1906 2056 1974 2129 in
2044 2055 2327 2129 ciuitate
2402 2065 2474 2130 et
2534 2051 2811 2129 diocesi
2995 2104 3185 2143 mm,

1225 2186 1703 2263 Aboensibus
1765 2185 2008 2288 Regni
2076 2188 2390 2265 Swecie.

783 2340 962 2396 Anno
1005 2337 1100 2412 dfij
1147 2335 1450 2394 millesimo
1499 2343 1647 2394 .ccc0.
1688 2336 1900 2411 xxvii-5⁰.
1945 2349 2001 2393 et
2044 2336 2231 2412 prima
2275 2337 2366 2394 die
2411 2337 2621 2395 mensis
2679 2337 2839 2412 Maij‚
2882 2336 2995 2394 fra-

617 2449 705 2496 ter
751 2437 1083 2498 Goskalcus
1129 2438 1310 2495 lector
1350 2437 1589 2495 fratrum
1635 2438 2064 2513 predicatorum
2108 2436 2432 2496 *Fillandie
2475 2440 2720 2515 Recepit
2782 2440 2868 2511 de⁶
2898 2440 2996 2496 de-

620 2541 773 2599 cima
819 2539 1190 2615 episcopatus
1234 2539 1525 2597 Aboensis
1571 2558 1644 2596 ex
1689 2539 2089 2597 commissione
2133 2539 2240 2597 sibi
2288 2560 2389 2615 per
2434 2558 2538 2598 nos
2603 2541 2834 2597 fratrem
2901 2541 2997 2598 Io-

620 2644 868 2701 hannem
915 2641 985 2698 de
1030 2639 1265 2701 Serone.
1313 2651 1368 2698 et
1411 2640 1480 2698 B.
1524 2640 1594 2698 de
1651 2639 1869 2699 Ortolis
1925 2639 2095 2699 facta.
2162 2660 2275 2716 que
2341 2641 2572 2717 quidem
2642 2642 2869 2700 decima
2928 2642 2999 2700 de

621 2763 725 2801 sex
767 2742 932 2800 annis
976 2741 1228 2800 assendit
1275 2749 1356 2798 .vc.
1399 2741 1514 2816 xvj.
1538 2762 1766 2800 marcas
1811 2762 1992 2817 parue
2034 2752 2277 2800 monete.
2325 2744 2609 2801 decimam
2646 2742 2814 2800 vnius
2847 2743 3000 2819 annj.

620 2844 890 2903 videlicet
931 2872 1011 2881 -
1062 2842 1301 2917 .lxxxvj.
1346 2863 1571 2902 marcas
1617 2863 1799 2920 parue
1844 2854 2072 2901 monete
2119 2844 2359 2903 Swecie.
2430 2907 2437 2913 ,

790 2945 1110 3002 Residuum
1155 2964 1293 3000 vero
1341 2945 1492 3001 dicte
1539 2944 1778 3002 decime.
1802 2945 2070 3002 videlicet
2108 2947 2392 3003 decimam
2420 2947 2675 3023 quinque
2699 2965 3001 3012 annorum,

625 3047 770 3104 dixit
812 3046 1000 3103 dictus
1037 3045 1211 3103 frater
1262 3046 1436 3104 fuisse
1481 3046 1777 3103 sublatum
1845 3059 1900 3104 et
1966 3047 2333 3105 diraubatum
2400 3068 2504 3123 per
2571 3025 2832 3104 infideles
2902 3048 3002 3122 qui

627 3150 838 3207 dictam
885 3147 1170 3204 decimam
1216 3147 1287 3204 de
1331 3167 1402 3204 .v.
1448 3147 1610 3204 annis
1655 3147 1711 3203 in
1759 3148 2006 3206 ecclesia
2049 3149 2308 3206 Aboensi
2335 3150 2637 3208 collectam
2664 3150 2733 3206 de
2759 3148 3003 3206 ecclesia

625 3251 887 3326 predicta
931 3260 1263 3322 rapuerunt.
1309 3258 1481 3323 prout
1526 3249 1668 3305 dixit
1715 3250 1822 3307 sibi
1866 3249 2081 3306 factam
2140 3249 2311 3307 fuisse
2369 3251 2598 3325 plenam
2644 3251 2833 3307 fidem.
2881 3249 3000 3307 dic-

625 3361 714 3409 tas
777 3370 915 3407 vero
958 3349 1193 3423 .lxxxvj.
1243 3369 1469 3406 marcas
1539 3370 1719 3425 parue
1778 3361 2005 3408 monete
2048 3350 2194 3408 dixit
2238 3352 2423 3410 dictus
2460 3351 2635 3434 frater
2673 3349 3004 3410 Goskalcus

625 3472 686 3510 se
729 3451 1016 3526 recepisse
1061 3471 1095 3507 a
1142 3450 1648 3508 conseruatoribus
1693 3451 1845 3509 dicte
1891 3453 2111 3510 decime
2171 3463 2437 3528 presente
2504 3453 2620 3510 dfio
2684 3451 3005 3509 Benedicto

627 3553 900 3629 episcopo
945 3552 1205 3609 Aboensi
1251 3552 1308 3607 in
1361 3580 1425 3587 —
1481 3552 1634 3627 xvij.
1679 3554 1927 3611 marchis
1972 3554 2192 3629 argentj
2232 3556 2305 3611 ad
2332 3554 2558 3629 pondus
2582 3555 2653 3611 de
2678 3553 3004 3613 Stocolmis.

630 3652 995 3729 ¹computata
1041 3652 1300 3728 qualibet
1343 3672 1539 3709 marca
1584 3654 1655 3710 de
1702 3653 1859 3728 xvij.
1901 3655 2147 3712 marchis
2191 3655 2483 3731 predictis.
2546 3675 2651 3731 pro
2717 3674 2787 3712 .v.
2855 3673 3005 3711 mar-

627 3755 765 3826 obis,
811 3763 868 3811 et
915 3754 1029 3828 .xij.
1078 3754 1324 3829 denai‘ijs
1371 3754 1598 3814 Sweuis
1645 3765 1701 3813 et
1745 3775 1860 3813 vna
1903 3775 2099 3813 marca
2163 3754 2382 3831 argentj
2450 3775 2555 3831 pro
2623 3774 2693 3813 .v.
2759 3755 3008 3812 marchis

627 3856 993 3932 computatis.

797 4026 944 4082 Item
992 4024 1137 4082 dixit
1182 4045 1242 4081 se
1286 4026 1573 4100 recepisse
1620 4027 1690 4083 de
1741 4026 2024 4085 fructibus
2067 4026 2477 4084 beneficiorum
2542 4025 2617 4083 ad
2684 4025 3007 4081 triennium.

630 4137 1059 4185 reseruatorum
1105 4127 1448 4184 vacancium
1509 4127 1565 4182 in
1634 4127 1789 4184 dicto
1858 4128 2197 4204 episcopatu
2241 4157 2323 4164 —
2365 4147 2481 4184 .xx.
2524 4127 2787 4184 marchas
2832 4145 3012 4202 parue

632 4240 877 4287 monete.
922 4248 1094 4303 quam
1138 4248 1421 4286 summam
1469 4228 1615 4284 dixit
1656 4248 1717 4285 se
1761 4230 2046 4304 recepisse
2092 4230 2148 4286 in
2201 4259 2264 4265 ·-
2323 4228 2436 4303 .iiij.
2483 4227 2733 4285 marchis
2791 4228 3013 4303 argenti

628 4333 705 4408 *ad
752 4331 969 4389 dictum
1014 4333 1258 4406 pondus.

803 4502 947 4558 Item
994 4500 1063 4557 de
1109 4499 1365 4557 subsidio
1411 4499 1606 4556 oblato
1653 4500 1767 4556 dfio
1814 4519 1965 4575 pape
2010 4519 2112 4574 per
2148 4497 2382 4557 Clerum
2440 4498 2576 4556 dicti
2638 4499 3007 4574 episcopatus

635 4602 779 4659 dixit
822 4621 883 4659 se
928 4601 1214 4676 recepisse
1264 4626 1332 4635 -
1387 4620 1456 4658 .c.
1503 4620 1728 4657 marcas
1773 4621 1953 4675 parue
2000 4610 2242 4657 monete.

705 4746 721 4774 ¹
762 4751 786 4798 1
821 4750 1038 4811 Margen
1073 4750 1188 4797 med
1224 4750 1324 4797 den
1359 4750 1527 4798 auden
1566 4749 1749 4798 Haand
1789 4745 2057 4809 „attende.“
