3534 5361
1758 371 1839 428 30

662 708 820 783 Hoc
886 719 1051 784 sunt
1118 706 1444 808 Recepto
1516 708 1795 783 decime
1860 708 2272 784 sexennalis
2337 710 2549 810 regnj
2616 709 2936 786 Swecie.

1589 867 1999 961 Vpsalensis.

609 1029 819 1099 [attende
835 1035 964 1100 quod
973 1037 1021 1086 in
1031 1034 1223 1086 Swecia
1241 1044 1427 1085 moneta
1439 1053 1607 1099 parua
1623 1053 1713 1085 non
1723 1035 2027 1099 ponderatur
2038 1036 2125 1087 sed
2133 1047 2445 1101 computatur.
2459 1039 2559 1101 xvj.
2577 1037 2663 1087 sol.
2673 1054 2767 1101 pro
2778 1029 2965 1099 marca]
2974 1073 2985 1085 .

774 1175 1021 1232 Decima
1065 1174 1320 1232 ciuitatis
1364 1183 1421 1231 et
1465 1174 1708 1232 diocesis
1732 1175 2074 1250 Vpsalensis
2119 1176 2370 1235 assendit
2418 1177 2489 1233 de
2533 1196 2638 1234 sex
2678 1176 2883 1234 annis.
2914 1176 2990 1232 ad

606 1276 719 1351 ,iijv
750 1276 875 1351 viij?
918 1275 1098 1351 xxxij.
1141 1294 1365 1333 marcas
1409 1294 1590 1350 parue
1635 1276 1880 1350 pecunie
1926 1277 2149 1336 Swecie
2215 1288 2547 1335 numeratas
2612 1277 2687 1334 ad
2753 1278 2989 1334 modum

606 1376 829 1436 Swecie
875 1386 932 1433 et
979 1376 1052 1451 .ij.
1102 1396 1233 1434 oras
1279 1377 1428 1433 dicte
1470 1396 1652 1452 parue
1698 1385 1943 1434 monete.
2012 1397 2124 1451 que
2171 1377 2405 1453 quidem
2471 1378 2697 1434 decima
2741 1377 2989 1435 collecta

603 1477 806 1547 fuerat,
849 1486 905 1533 et
947 1477 1200 1552 reposita
1243 1476 1301 1533 in
1343 1476 1605 1534 sacristia
1649 1476 1892 1534 ecclesie
1937 1478 2295 1553 Vpsalensis.
2364 1488 2421 1535 et
2486 1480 2558 1536 de
2604 1478 2843 1537 consilio
2890 1477 2984 1553 d‘n'j

604 1578 1021 1654 archiepiscopi
1068 1578 1222 1634 dicta
1265 1577 1511 1652 pecunia
1555 1585 1910 1635 commutata
1950 1577 2055 1634 fuit
2124 1597 2229 1652 per
2295 1587 2735 1638 conseruatores
2806 1579 2987 1655 ipsius

604 1680 848 1754 pecunie
893 1679 950 1735 in
995 1688 1314 1753 argentum.
1361 1679 1524 1735 cuius
1568 1679 1792 1752 argenti
1840 1678 2096 1738 Summa.
2143 1678 2245 1736 fuit
2288 1679 2407 1755 .vij‘.⁵
2449 1680 2567 1736 lxx.
2615 1681 2849 1737 marche
2892 1700 2984 1737 ar-

602 1780 760 1853 genti
803 1780 1105 1855 ponderati
1145 1780 1220 1836 ad
1264 1780 1489 1854 pondus
1534 1778 1606 1835 de
1630 1777 1939 1838 Stocolmis
1961 1799 2064 1838 seu
2088 1780 2164 1837 ad
2186 1781 2415 1856 pondus
2436 1781 2780 1855 Vpsalense.
2829 1782 2985 1856 quod

605 1882 831 1955 pondus
877 1888 962 1938 est
1004 1881 1172 1936 idem.
2323 1872 2338 1881 '⁷

771 1981 948 2038 Anno
994 1980 1087 2054 dfij
1134 1979 1436 2037 millesimo
1481 1987 1626 2037 ‚ccc‘l
1669 1979 1878 2054 xxviij‘!
1928 1988 1999 2037 et.
2030 1979 2143 2055 viij.
2180 1980 2270 2037 die
2317 1980 2528 2039 mensis
2573 1980 2822 2056 Ianuarij
2865 1984 2979 2040 Re-

603 2082 859 2156 cepimus
903 2100 1007 2137 nos
1049 2080 1225 2137 frater
1266 2080 1556 2138 Iohannes
1601 2080 1671 2136 de
1716 2079 1936 2139 Serone
1981 2089 2038 2136 et
2081 2081 2150 2137 B.
2190 2082 2260 2138 de
2286 2081 2505 2140 Ortolis
2550 2101 2586 2138 a
2631 2081 2746 2140 dfio
2793 2083 2979 2140 archi-

602 2182 876 2257 episcopo
921 2181 1230 2256 Vpsalensi
1274 2181 1345 2237 de
1390 2181 1614 2238 decima
1656 2179 1954 2238 sexennali
1998 2181 2120 2256 .vij⁰.
2176 2182 2298 2240 lxx.
2358 2201 2585 2240 marcas
2639 2182 2860 2258 argentj
2907 2184 2983 2241 ad

603 2283 829 2357 pondus
875 2283 945 2338 de
968 2281 1294 2341 Stocolmis.
1338 2300 1451 2355 que
1496 2281 1616 2355 ,vijff
1663 2282 1783 2338 lxx.
1827 2281 2058 2337 marche
2103 2283 2340 2357 argentj.
2388 2283 2621 2340 fuerunt
2647 2292 2983 2359 computate

602 2383 858 2457 quelibet
901 2401 1097 2440 marca
1140 2380 1378 2456 argentj.
1402 2401 1507 2458 pro
1531 2401 1602 2439 .v.
1628 2380 1875 2438 marchis
1900 2383 2215 2440 numeratis
2249 2403 2431 2459 parue
2469 2381 2714 2458 pecunie
2740 2382 2983 2441 Swecie.

602 2484 790 2541 minus
833 2502 938 2558 pro
978 2490 1101 2540 tota
1141 2500 1365 2539 summa
1408 2481 1562 2556 .xvij.
1609 2481 1860 2538 marchis
1904 2501 1976 2537 .v.
2021 2482 2271 2557 denarijs
2293 2503 2475 2558 parue
2499 2491 2745 2541 monete.
2787 2502 2981 2542 assen-

603 2583 687 2639 dit
730 2584 945 2641 dictum
990 2591 1310 2657 argentum.
1355 2584 1429 2639 ad
1472 2601 1756 2641 summam
1799 2581 1911 2656 ,iije
1941 2580 2070 2658 viij‘i
2112 2583 2293 2658 xxxij.
2338 2604 2565 2641 marcas
2633 2591 2689 2640 et
2732 2584 2806 2658 .ij.
2852 2603 2984 2642 oras

602 2693 933 2743 numeratas
977 2686 1052 2742 ad
1097 2686 1329 2741 modum
1376 2683 1620 2743 Swecie.
1708 2679 1950 2743 *Silicet
1996 2687 2387 2760 computando
2434 2685 2567 2760 .xvj.
2610 2685 2828 2745 solidos
2874 2705 2981 2764 pro

603 2805 800 2844 marca
844 2785 1118 2861 qualibet.

769 2986 992 3043 Habuit
1036 2986 1143 3043 dfis
1186 3004 1291 3041 rex
1332 2984 1648 3058 Norwegie
1693 2984 2061 3041 medietatem
2106 2984 2249 3043 dicti
2291 2985 2530 3059 argenti.
2565 2986 2835 3045 videlicet
2879 2987 2983 3061 ,iijff

601 3086 819 3144 dxxxv.
861 3105 1087 3144 marcas
1131 3086 1371 3160 argenti.
1419 3086 1492 3142 ad
1540 3084 1756 3141 dictum
1798 3086 2026 3159 pondus
2075 3087 2147 3143 de
2192 3085 2516 3145 Stocolmis.

766 3287 1074 3362 Reliquam
1140 3306 1279 3343 vero
1344 3288 1711 3345 medietatem
1778 3286 2120 3345 retinuimus
2184 3306 2291 3361 pro
2357 3295 2522 3362 parte
2585 3304 2814 3344 camere
2880 3286 2975 3361 dfij

596 3377 748 3461 pape
792 3387 1061 3445 videlicet
1104 3386 1204 3461 ‚iijff
1248 3387 1448 3444 lxxxv.
1502 3407 1725 3445 marcas
1791 3387 2011 3462 argenti
2080 3388 2155 3444 ad
2221 3388 2448 3462 pondus
2515 3388 2587 3443 de
2645 3387 2976 3447 Stocolmis.

596 3486 828 3544 fuerunt
871 3496 1204 3562 computate
1248 3507 1353 3562 pro
1399 3507 1471 3544 m.
1515 3489 1821 3564 nongentis
1867 3487 1998 3561 .xvj.
2045 3488 2253 3546 marcis
2299 3498 2355 3545 et
2398 3508 2514 3546 vna
2539 3507 2642 3545 ora
2664 3488 2978 3546 numeratis

603 3587 680 3645 ad
719 3589 957 3645 modum
1001 3587 1243 3647 Swecie.

605 3765 746 3847 [ap]
919 3772 1158 3832 Summa
1201 3774 1413 3849 pagine
1458 3775 1530 3832 de
1571 3774 1819 3851 receptis
1860 3794 1968 3849 pro
2006 3793 2237 3832 camera
2264 3801 2335 3811 -
2364 3773 2469 3849 ,iije
2520 3772 2722 3831 lxxxv.
2747 3775 2979 3832 marche

790 3856 1010 3932 argentj
1057 3858 1134 3916 ad
1175 3860 1402 3935 pondus
1446 3860 1519 3917 de
1562 3859 1888 3920 StocolmiS.

399 4159 461 4195 τοι.
488 4159 544 4195 14.
570 4171 602 4197 a.
1548 4125 2041 4213 StringlnenSiS.

765 4295 1012 4352 Decima
1056 4297 1424 4372 episcopatus
1469 4295 1877 4371 Stringinensis
1918 4293 2173 4355 assendit
2217 4295 2287 4351 de
2332 4312 2436 4352 sex
2474 4291 2653 4350 annis.
2700 4293 2776 4349 ad
2822 4293 2975 4350 mille

596 4397 699 4471 vijc.
743 4396 941 4470 lxxvij.
984 4415 1210 4454 marcas
1254 4417 1434 4472 parue
1476 4398 1737 4473 pecunie.
1826 4395 2049 4455 Swecie
2082 4404 2414 4453 numeratas
2449 4394 2526 4451 ad
2552 4393 2786 4450 modum
2811 4393 2972 4453 Swe-

598 4498 703 4554 cie.
748 4515 862 4571 que
904 4496 1155 4571 pecunia
1199 4497 1420 4555 decime
1465 4498 1710 4556 collecta
1751 4507 1810 4555 et
1851 4504 2089 4571 recepta
2130 4496 2319 4554 fuerat
2351 4495 2411 4551 in
2442 4492 2709 4552 sacristia
2731 4494 2974 4553 ecclesie

594 4596 990 4671 stringinensis
1036 4606 1092 4654 et
1133 4598 1398 4672 Recepta
1440 4618 1544 4674 per
1585 4617 1692 4657 nos
1734 4597 1968 4655 fratrem
2008 4596 2337 4654 Johannem
2385 4595 2457 4652 de
2498 4593 2718 4654 Serone
2785 4602 2842 4652 et
2902 4594 2972 4651 B.

595 4699 667 4756 de
711 4697 931 4757 Ortolis
973 4715 1009 4754 a
1054 4697 1169 4754 diio
1215 4698 1487 4774 episcopo
1533 4697 1912 4774 Stringinensi
1952 4697 2013 4753 in
2056 4696 2292 4754 modum
2336 4694 2438 4771 qui
2480 4694 2759 4769 sequitur.
