3534 5361
1787 333 1865 391 32

636 534 765 572 cum
814 516 1049 572 dimidia
1094 535 1274 590 parue
1320 524 1549 573 monete
1595 517 1837 576 Swecie.
1882 517 2197 575 assendunt
2234 515 2369 573 dicti
2393 515 2489 589 xij.
2514 515 2716 572 floreni
2740 516 2814 572 ad
2838 514 3009 590 xviij.

638 635 860 672 marcas
904 634 1083 690 parue
1128 626 1370 673 monete.

804 717 948 772 Item
996 715 1083 789 ,vj.
1129 716 1306 773 libras
1350 717 1484 790 .xiij.
1547 718 1762 777 solidos
1830 718 1921 774 .iii.
1970 717 2235 774 denarios
2296 718 2724 775 Turonensium
2770 717 3010 793 argenti.

636 818 1025 891 computando
1071 817 1329 891 quolibet
1372 818 1558 874 solido
1598 819 2024 876 Turonensium
2068 819 2290 892 argenti
2335 837 2441 894 pro
2488 839 2603 876 vna
2636 838 2834 875 marca
2856 828 2913 875 et
2941 818 3009 892 .ij.

635 917 751 973 oris
795 918 946 974 dicte
1003 937 1184 992 parue
1227 929 1454 975 monete
1500 919 1743 978 Swecie.
1812 920 2125 977 assendunt
2191 920 2342 976 dicte
2391 938 2495 976 sex
2537 919 2681 976 libre
2711 918 2863 992 .xiij.
2911 919 3014 976 sol.

639 1027 695 1072 et
739 1017 829 1073 .iii.
877 1018 1004 1074 den.
1028 1018 1246 1077 Turon.
1293 1019 1533 1095 argenti.
1579 1020 1670 1076 ad.
1695 1038 1743 1076 c.
1766 1019 1906 1093 lxvj.
1948 1038 2174 1076 marcas
2219 1038 2350 1076 cum
2398 1020 2635 1076 dimidia
2680 1029 2737 1077 et
2782 1020 3017 1076 dimidia

639 1137 742 1174 ora
785 1137 966 1192 parue
1011 1128 1237 1177 monete
1284 1120 1525 1180 Swecie.

805 1222 951 1278 Item
1001 1221 1072 1295 .ij.
1118 1221 1293 1279 libras
1337 1220 1429 1293 .iij.
1475 1222 1689 1279 solidos
1733 1221 1827 1277 .iii.
1876 1221 2140 1277 denarios
2176 1220 2599 1296 sterlingorum.
2622 1221 2720 1296 qui
2746 1221 3017 1296 sterlengi

638 1320 833 1377 valent
878 1321 1050 1395 xviij.
1097 1341 1319 1379 marcas
1365 1322 1515 1379 dicte
1560 1342 1741 1397 parue
1787 1322 2050 1396 pecunie.

809 1423 954 1479 Item
1001 1423 1154 1496 .xxij.
1200 1423 1413 1481 solidos
1459 1442 1589 1480 cum
1636 1421 1764 1496 ,viij.
1810 1422 2057 1496 denarijs
2100 1422 2324 1498 argenti
2370 1423 2440 1479 de
2486 1423 2730 1480 Boemia
2776 1443 3015 1498 compu-

640 1532 761 1580 tato
805 1524 1064 1598 quolibet
1106 1524 1292 1581 solido
1335 1543 1443 1598 pro
1491 1545 1567 1580 .x.
1615 1524 1733 1581 oris
1779 1524 1930 1581 dicte
1973 1544 2157 1599 parue
2201 1524 2463 1599 pecunie.
2521 1526 2838 1584 assendunt
2882 1526 3018 1581 dieti

642 1626 855 1700 denarij
904 1627 974 1683 de
1017 1627 1257 1683 Boemia
1302 1629 1375 1684 ad
1421 1627 1637 1702 xxviij.
1682 1646 1908 1685 marcas
1954 1626 2024 1700 .ij.
2072 1646 2203 1684 oras
2248 1626 2318 1699 .ij.
2364 1636 2598 1701 artogos
2643 1626 2795 1684 dicte
2842 1646 3020 1701 parue

643 1728 884 1800 pecunie
929 1728 1168 1786 Swecie.
1214 1748 1326 1803 que
1372 1729 1565 1785 omnia
1608 1738 1727 1786 tam
1770 1728 1988 1785 floreni.
2034 1729 2406 1785 Turonenses
2455 1726 3016 1802 argentj.sterlengi.

643 1846 815 1900 quam
862 1828 1078 1902 denarij
1126 1829 1197 1885 de
1242 1830 1485 1885 Bocmia
1530 1829 1758 1886 fuerunt
1804 1828 2121 1903 computati
2166 1848 2272 1903 pro
2329 1849 2430 1886 .cc.
2475 1848 2616 1883 XXX.
2671 1828 2920 1885 marchis
2965 1836 3022 1884 et

645 1927 754 2000 xij.
803 1929 916 1985 oris
961 1938 1018 1985 et
1061 1929 1193 2003 xiij.
1241 1929 1486 2003 denarijs
1531 1950 1711 2005 parue
1757 1939 1987 1987 monete
2032 1929 2273 1987 Swecie.

814 2031 958 2085 Item
1003 2028 1075 2102 .ij.
1120 2048 1345 2086 marcas
1388 2039 1444 2086 et
1487 2049 1659 2086 Vnam
1705 2031 1935 2087 vnciam
2002 2048 2133 2088 cum
2197 2029 2431 2086 dimidio
2494 2029 2699 2087 solid0.
2766 2031 2865 2104 qui
2939 2038 3025 2086 est

645 2139 810 2185 sexta
852 2149 987 2204 pars
1031 2130 1198 2187 Vnius
1240 2130 1408 2189 vncie
1453 2131 1523 2188 de
1577 2150 1736 2188 aure.
1804 2131 1959 2206 quod
2018 2150 2223 2187 aurum
2281 2129 2389 2186 fuit
2452 2140 2852 2205 computatum
2918 2150 3023 2204 pro

646 2228 816 2302 .cliiij.
863 2231 1109 2288 marchis
1152 2250 1333 2306 parue
1378 2240 1604 2289 monete
1650 2232 1890 2292 Swecie.

814 2331 962 2386 Item
1006 2332 1063 2388 in
1106 2352 1292 2407 parua
1335 2333 1583 2408 pecunia
1623 2342 1943 2388 numerata.
2033 2332 2382 2406 Recepimus
2432 2352 2537 2390 nos
2582 2335 2754 2390 ambo
2820 2352 3024 2406 supra-

649 2430 784 2486 dicti
830 2450 920 2488 .m.
964 2431 1088 2508 viijc.
1130 2432 1289 2507 xlvij.
1335 2452 1557 2492 marcas
1602 2433 1672 2507 .ij.
1719 2453 1867 2491 oras.
1914 2452 2045 2489 cum
2089 2432 2222 2506 .xvj.
2265 2433 2512 2508 denarijs
2558 2434 2799 2494 Sweuis.

818 2637 910 2693 De
954 2635 1163 2711 quibus
1197 2635 1602 2711 suprascriptis
1647 2636 1754 2695 dfis
1818 2656 1924 2693 rex
1986 2635 2300 2712 Norwegie
2365 2636 2568 2693 habuit
2635 2636 3029 2694 medietatem.

651 2757 757 2812 pro
800 2747 965 2814 parte
1009 2757 1131 2796 sua.

822 2941 1062 2999 Summa
1104 2940 1265 2997 nulla
1310 2940 1380 2996 de
1425 2939 1672 3014 receptis
1709 2958 1815 3014 pro
1862 2959 2109 2998 camera.

455 3157 649 3194 r01.15.a.
822 3141 1131 3216 Reliquam
1175 3160 1312 3197 vero
1357 3140 1724 3198 medietatem
1770 3140 1991 3198 decime
2049 3141 2428 3216 Lincopensis
2493 3140 2859 3199 Retinuimus
2925 3158 3031 3213 pro

655 3262 885 3300 camera
929 3242 1024 3298 dfii
1070 3261 1239 3317 pape.
1283 3240 1553 3298 videlicet
1595 3261 1663 3298 .c.
1710 3240 1788 3296 lv.
1835 3262 2059 3299 marcas
2106 3242 2216 3316 xij.
2262 3242 2461 3299 vncias
2506 3241 2746 3315 argenti.
2794 3259 3029 3315 compu-

655 3353 806 3401 tatas
852 3362 956 3418 pro
1002 3341 1199 3399 dxxix.
1245 3342 1491 3398 marchis
1537 3352 1593 3399 et
1633 3343 1725 3398 .iii.
1776 3342 1957 3418 vncijs
2002 3343 2154 3400 dicte
2198 3362 2379 3418 parue
2425 3342 2669 3417 pecunie
2695 3351 3031 3406 numerate.

821 3443 971 3500 Item
1017 3442 1106 3517 .vj.
1146 3444 1394 3500 florenos
1439 3444 1584 3500 auri.
1639 3443 1987 3519 computatis
2031 3462 2137 3518 pro
2178 3472 2229 3478 w
2267 3442 2364 3499 .ix.
2393 3442 2638 3499 marchis
2675 3442 2827 3500 dicte
2851 3461 3034 3517 parue

656 3544 901 3620 pecunie
947 3543 1188 3603 Swecie.

825 3647 969 3703 Item
1014 3653 1128 3701 tres
1173 3644 1347 3702 libras
1395 3643 1486 3719 .vj.
1530 3645 1633 3702 sol.
1679 3644 2241 3719 cum·.vij..denarijs
2286 3653 2342 3702 et
2389 3644 2623 3701 dimidio
2671 3645 2895 3701 Turon.
2944 3664 3035 3701 ar-

657 3748 829 3823 genti.
873 3764 1046 3802 vnam
1090 3745 1296 3803 libram
1341 3745 1476 3803 .xix.
1523 3746 1788 3804 denarios
1838 3765 1968 3804 cum
2015 3745 2249 3802 dimidio
2310 3745 2716 3821 sterlingorum
2762 3745 2856 3818 .xj.
2900 3745 3035 3803 soli-

660 3850 763 3906 dos
810 3847 921 3922 .iiij.
969 3845 1234 3903 denarios
1279 3846 1502 3921 argenti
1547 3847 1616 3903 de
1672 3847 1929 3904 Boemia.
1992 3845 2225 3903 fuerunt
2270 3846 2463 3903 omnia
2529 3855 2867 3922 computata
2929 3864 3036 3920 pro

659 3971 726 4009 .c.
768 3969 865 4006 xv.
905 3947 1155 4006 marchis
1200 3956 1255 4005 et
1302 3947 1396 4021 .iij.
1442 3947 1556 4005 oris
1598 3956 1655 4005 et
1699 3948 1950 4005 dimidia.
1998 3957 2055 4005 et
2100 3947 2218 4021 .iiij.
2267 3945 2513 4022 denarijs
2573 3931 2725 4005 dicte
2789 3946 3039 4021 pecunie

659 4060 974 4109 numerate.

826 4153 974 4208 Item
1019 4171 1192 4209 vnam
1233 4169 1486 4208 marcam
1533 4159 1590 4207 et
1633 4150 1924 4206 dimidiam
1972 4149 2200 4207 vnciam
2245 4168 2375 4208 cum
2420 4157 2629 4223 quarta
2669 4156 2834 4224 parte
2870 4147 3038 4205 vnius

661 4255 825 4314 solidi
872 4256 941 4311 de
984 4271 1144 4312 aure.
1191 4253 1347 4327 quod
1389 4271 1591 4308 aurum
1636 4252 1741 4309 fuit
1788 4259 2185 4326 computatum
2229 4269 2335 4326 pro
2362 4250 2580 4323 .lxxvij.
2605 4249 2854 4307 marchis
2888 4249 3038 4305 dicte

664 4377 844 4432 parue
889 4356 1130 4432 pecunie
1174 4355 1415 4414 Swecie.

831 4460 975 4516 Item
1019 4459 1075 4514 in
1122 4477 1308 4532 parua
1352 4454 1598 4531 pecunia
1639 4454 1909 4513 Sweuica
1952 4450 2112 4527 ,viiijt
2154 4451 2314 4525 xxiij.
2358 4470 2583 4509 marcas
2628 4469 2759 4509 cum
2805 4449 3041 4507 dimidia

665 4569 721 4617 et
764 4578 879 4616 vna
912 4579 1029 4616 ora.
1072 4577 1203 4616 cum
1247 4557 1380 4631 ‚viij.
1425 4554 1673 4630 denarijs
1715 4555 1940 4615 Sweuis
1983 4554 2315 4612 numeratis.
