3534 5361
1677 373 1757 430 23

691 561 837 617 Item
886 559 982 616 xl.
1025 559 1272 616 florenos
1316 557 1458 632 aurj.
1505 564 1869 631 computatos
1914 577 2018 632 pro
2084 558 2161 614 xl.
2207 559 2454 617 marchis
2501 560 2652 617 dict-e
2718 578 2899 633 parue

523 661 765 735 pecunie
808 660 1118 718 Norieane.

692 761 839 818 Item
885 781 978 818 .m.
1023 781 1068 817 e.
1114 780 1254 816 xxx.
1305 781 1528 818 marcas
1573 760 1627 815 in
1674 778 1859 833 parua
1903 759 2151 833 pecunia
2195 758 2509 819 Noricana.

528 858 662 936 [ap-J

1996 941 2093 1000 .xl.
2137 945 2260 1000 flor.
2305 942 2447 1016 aurj.

1998 1027 2194 1101 xlviij.
2239 1046 2416 1083 marc.
2461 1028 2699 1103 argentj.

1996 1131 2085 1168 .m.
2135 1132 2199 1168 .c.
2245 1130 2385 1167 xxx,
2413 1130 2588 1169 marc.
2623 1114 2680 1169 in
2719 1132 2903 1186 parua

2079 1195 2327 1270 pecunia
2368 1195 2681 1254 Noricana.

528 1059 659 1137 [ap]
717 1062 957 1121 Summa
982 1062 1189 1137 pagine
1214 1063 1283 1119 de
1309 1062 1554 1136 receptis
1580 1081 1684 1137 pro
1711 1081 1939 1117 camera

1449 1391 1981 1481 Stauflngl'ensis.
2140 1401 2143 1404 ’
2924 1430 2989 1467 τοι.
3011 1428 3047 1467 4.
3068 1429 3103 1465 b.

2147 1525 2354 1587 [attende
2390 1527 2461 1577 ad
2495 1521 2834 1588 Restancz’as].

694 1631 939 1689 Decima
984 1632 1355 1707 episcopatus
1381 1631 1829 1706 Stauangrensis
1874 1632 2129 1689 assendit
2175 1652 2279 1708 pro
2327 1632 2585 1706 quolibet
2628 1650 2778 1688 anno
2824 1630 2904 1704 .ij?

525 1731 665 1788 xlix.
710 1751 884 1790 marc.
929 1751 1111 1807 parue
1154 1742 1381 1790 monete
1425 1732 1737 1789 Noricane.
1805 1731 2057 1789 assendit
2102 1733 2173 1788 de
2238 1752 2342 1790 sex
2408 1732 2574 1789 annis
2640 1750 2733 1786 .m.
2802 1731 2905 1805 iiijc.

528 1830 696 1905 xciiij.
743 1851 919 1890 marc.
964 1833 1116 1891 dicte
1162 1853 1342 1908 parue
1389 1831 1649 1906 pecunie.
1712 1832 1790 1888 fui
1851 1851 1958 1906 ego
2004 1832 2073 1888 B.
2121 1833 2190 1887 de
2237 1832 2455 1891 Ortolis
2500 1833 2657 1908 apud
2703 1831 2902 1888 ciuita-

525 1940 640 1988 tem
688 1932 1191 2008 St-auangrensem.
1237 1933 1335 1990 vbi
1379 1951 1493 1989 non
1537 1931 1729 1989 inueni
1787 1933 1997 1990 dictam
2067 1933 2345 1990 decimam
2416 1933 2737 1990 collectam.
2802 1932 2904 1988 sed

527 2033 782 2106 processi
828 2043 1030 2091 contra
1075 2034 1369 2091 dominum
1417 2033 1751 2108 episcopum
1779 2033 2266 2108 Stauangrensem
2314 2042 2371 2089 et
2415 2032 2709 2089 dominum
2733 2031 2903 2089 Orm-

529 2151 688 2189 erum
736 2134 1078 2192 canonicum
1122 2135 1619 2208 Stauangressem.
1665 2133 1765 2209 qui
1809 2132 1995 2190 fuerat
2038 2153 2183 2190 vnus
2227 2134 2297 2189 de
2324 2133 2729 2190 collectoribus
2753 2132 2903 2189 dicte

528 2233 750 2290 decime
795 2235 1139 2292 sexennalis.
1184 2244 1430 2309 postque
1476 2234 1670 2309 recepi
1715 2235 1787 2290 de
1847 2233 2002 2292 dicta
2058 2233 2288 2290 decima
2348 2253 2384 2288 a
2450 2233 2603 2290 dicto
2671 2233 2903 2290 domino

525 2333 703 2392 Erico
748 2334 1164 2411 Stauangrensi
1207 2343 1271 2392 ut
1313 2335 1590 2410 sequitur.

696 2436 873 2492 Anno
917 2435 1129 2509 dominj
1176 2435 1485 2492 millesimo
1530 2455 1669 2493 ‚ccc.
1723 2432 1912 2508 xxvij0.
1978 2443 2034 2490 et
2100 2453 2171 2491 .v.
2242 2436 2334 2492 die
2399 2435 2609 2493 mensis
2654 2434 2911 2508 Augusti

527 2535 746 2610 Recepi
794 2555 902 2610 ego
943 2537 1014 2593 Β.
1062 2537 1133 2592 de
1174 2536 1393 2595 Ortolis
1437 2556 1470 2592 a
1517 2536 1632 2593 dfio
1674 2535 1870 2607 Erico·
1899 2535 2174 2610 episcopo
2221 2535 2636 2610 Stauangrensi
2680 2536 2750 2591 de
2809 2536 2909 2592 de-

533 2636 684 2693 cima
727 2636 1095 2713 episcopatus
1120 2636 1565 2714 Stauangrensis
1611 2643 1690 2693 .v‘{
1733 2634 1889 2710 xviij.
1930 2654 2156 2694 marcas
2200 2634 2276 2709 iij.
2310 2634 2509 2694 vncias
2544 2635 2694 2693 dicte
2727 2654 2909 2710 parue

531 2737 776 2812 pecunie
817 2739 1132 2799 Noricane.

699 2939 792 2996 De
839 2941 1050 3015 quibus
1093 2940 1294 2997 habuit
1339 2941 1446 2997 diis
1508 2958 1611 2995 rex
1673 2939 1989 3013 Norwegie
2052 2939 2434 2996 medietatem.
2500 2938 2770 2995 videlicet
2829 2938 2909 3011 .ije

530 3039 629 3095 lix.
675 3058 902 3097 marcas
949 3040 1002 3097 .i.
1047 3040 1276 3097 vnciam
1321 3060 1449 3099 cum
1497 3039 1733 3096 dimidia
1778 3041 1929 3097 dicte
1975 3059 2154 3114 parue
2199 3039 2461 3114 pecunie.

699 3241 1011 3317 Reliquam
1055 3260 1193 3298 vero
1237 3241 1603 3298 medietatem
1649 3241 1857 3299 retinui
1902 3259 2010 3315 ego
2056 3241 2123 3297 B.
2160 3241 2229 3297 de
2264 3240 2488 3299 Ortolis
2532 3262 2637 3317 pro
2684 3262 2912 3300 camera

534 3341 628 3415 dfij
674 3342 855 3400 nostri
899 3362 1066 3418 pape.
1113 3342 1382 3399 videlicet
1426 3341 1507 3416 .ij0.
1552 3341 1652 3399 lix.
1698 3362 1874 3400 marc.
1911 3342 1944 3398 i.
1991 3361 2120 3399 vnc.
2167 3350 2222 3399 et
2281 3342 2573 3401 dimidiam
2615 3343 2671 3399 in
2727 3362 2912 3417 parua

531 3442 798 3516 pecunia.

533 3540 667 3619 [ap-J

901 3644 1141 3704 Summa
1183 3645 1392 3720 pagine
1434 3646 1505 3702 de
1550 3645 1799 3720 receptis
1844 3664 1948 3720 pro
1995 3664 2225 3701 camera
2278 3673 2338 3681 -
2379 3644 2459 3719 .ijc.
2515 3647 2613 3704 lix.
2659 3665 2833 3703 marc.
2878 3647 2914 3702 i.

533 3726 665 3804 [ap]
900 3748 1028 3786 vnc.
1071 3749 1252 3804 parue
1297 3738 1525 3787 monete
1567 3730 1879 3789 Noricane.

700 3882 908 3940 Dictus
965 3899 1103 3937 vero
1150 3882 1416 3939 dominus
1457 3882 1666 3939 Ericus
1732 3882 2041 3958 episcopus
2109 3883 2553 3958 Stauangrensis
2617 3884 2917 3942 Remansit

533 3983 820 4057 obligatus
866 3983 987 4058 .iiijvz
1030 3982 1102 4058 iij.
1157 4002 1332 4041 marc.
1373 3984 1524 4041 dicte
1570 4002 1750 4058 parue
1796 3984 2038 4058 pecunie
2085 3984 2156 4039 ad
2205 3985 2361 4059 quod
2407 3984 2746 4041 soluendum
2794 3995 2913 4041 tam

534 4102 760 4141 camere
805 4101 977 4157 quam
1023 4085 1145 4160 regj
1193 4084 1475 4160 obligauit
1516 4104 1578 4142 se
1625 4104 1851 4141 camere
1898 4085 1992 4159 diij
2038 4103 2189 4159 pape
2236 4093 2290 4141 et
2334 4086 2489 4141 bona
2540 4085 2720 4160 ipsius
2766 4088 2913 4161 epis·

535 4194 777 4259 copatus
823 4184 1267 4259 Stauangrensis
1311 4186 1581 4244 videlicet
1626 4187 1772 4242 duas
1817 4196 2009 4261 partes
2052 4185 2110 4241 in
2156 4194 2412 4260 argento,
2462 4188 2916 4261 computandum

533 4304 703 4341 Vnam
751 4303 1005 4341 marcam
1052 4284 1272 4361 argentj
1318 4306 1424 4360 pro
1471 4296 1722 4362 quatuor
1766 4286 1917 4344 dicte
1943 4306 2123 4362 parue
2158 4295 2403 4343 monete.
2434 4287 2750 4344 Residuum
2776 4308 2915 4345 vero
2973 4289 2978 4296 ⁴

533 4405 717 4460 usque
762 4386 837 4443 ad
883 4386 1092 4443 dictam
1138 4406 1423 4444 summam
1466 4386 1590 4462 .iiij‘i
1634 4387 1710 4462 iij.
1755 4406 1933 4444 marc.
1990 4388 2217 4445 soluere
2282 4388 2545 4463 promisit
2585 4388 2791 4462 Bergis
2857 4390 2914 4445 in

534 4505 719 4560 parua
763 4485 1011 4561 pecunia
1051 4487 1350 4544 Noricana
1393 4487 1451 4544 in
1493 4487 1638 4546 festo
1679 4489 1864 4546 sancti
1908 4486 2184 4546 Iohannis
2218 4490 2469 4564 baptiste
2508 4499 2613 4545 etc.
2653 4490 2915 4564 proxime

534 4587 795 4661 sequenti
845 4613 912 4623 —-
963 4586 1068 4661 iiijc.
1109 4587 1186 4662 iij.
1234 4607 1411 4645 marc.
1459 4608 1640 4664 parue
1683 4599 1911 4645 monete
1955 4588 2268 4648 Noricane.
2360 4587 2567 4659 [debed.

704 4687 849 4744 Item
894 4689 1066 4745 debet
1110 4688 1297 4745 dictus
1343 4690 1449 4746 d‘n‘s
1488 4689 1766 4749 Ormerus
1814 4690 2128 4749 canonicus
2153 4691 2598 4766 Stauangrensis
2643 4691 2714 4745 de
2760 4690 2916 4747 dicta
